3476 5142
807 606 847 667 41

272 787 428 854 niensium
460 796 548 854 erant
578 789 754 875 Erythraei,
779 792 933 869 Ἰσθμοῖ
955 790 984 869 (Ι
1008 791 1099 879 420),
1125 813 1188 876 quo
1211 792 1391 876 frequenter

271 901 478 966 Athenienses
503 902 727 984 commeabant,
752 910 784 968 et
806 901 845 968 ob
869 903 999 968 eandem
1021 923 1144 968 causam
1167 905 1386 984 Ὀλνμσέοο-

270 1038 328 1079 σιν
351 1016 367 1079 Ι
390 1018 454 1080 419
480 1018 517 1098 (c.
543 1016 594 1081 Oi.
621 1021 674 1102 85)
698 1025 730 1081 et
751 1017 1386 1102 Πυθοῖ18.12’ολνμσέασι]ῆ1“1υθοῑῆ

270 1129 386 1207 Ἰσθμοῖ
405 1127 422 1202 ῆ
446 1127 561 1212 Νεμέα,
586 1129 639 1194 ubi
664 1129 722 1194 etsi
746 1129 853 1212 Νεμέρι
872 1151 962 1194 verus
985 1137 1032 1194 est
1051 1129 1176 1196 dativus
1198 1131 1386 1215 praepositio

271 1250 373 1306 tamen
397 1265 460 1307 non
482 1243 607 1307 additur
629 1265 690 1308 non
713 1243 810 1328 magis
828 1265 922 1327 quam
940 1243 957 1306 I
978 1246 1041 1307 420
1063 1249 1127 1327 νικρῖ
1148 1244 1268 1322 Ἰσθμοῖ,
1281 1243 1388 1328 Νεμέρι

271 1353 351 1439 (bis).
385 1354 485 1440 Magis
517 1357 611 1421 miror
640 1357 672 1420 in
702 1356 798 1422 titulo
829 1357 931 1421 multo
955 1358 1125 1422 recentiore
1150 1357 1264 1442 (caess
1286 1379 1314 1421 a.
1338 1355 1386 1442 Ο.)

269 1467 304 1532 II
327 1469 388 1554 legi
409 1469 463 1540 τῆν
481 1468 589 1550 μοθχην
608 1470 661 1544 τῆν
679 1471 767 1551 Ἰψῷ
786 1468 953 1549 γενομένην,
974 1469 1027 1534 ubi
1039 1469 1166 1536 dubites
1177 1492 1217 1534 an
1231 1469 1384 1556 lapicidae

270 1603 372 1647 errore
394 1583 581 1668 praepositio
603 1583 715 1648 embra
737 1583 787 1647 sit.
811 1581 948 1647 Tandem
972 1590 1019 1648 est
1043 1590 1181 1664 Μεγαροῖ
1201 1581 1219 1646 Ι
1242 1585 1318 1648 483.

805 1768 850 1834 11.
881 1717 883 1720 ⁵

313 1935 505 2012 Ἀγγελῆθεν.
538 1934 729 2012 Ἀγκνλῆθεν.
761 1933 949 2014 Ἀγρυλῆθεν.
983 1934 1195 2008 ’Λλωσειιῆθεα
1220 1934 1387 2016 Ἀμφιτρο-

271 2049 367 2120 πῆθεν.
410 2049 547 2122 Βατῆθεν.
585 2048 755 2121 Ἐκαλῆθεν.
791 2046 958 2114 Ἐςιαιθθεν.
996 2049 1179 2130 Κεφαλῆθεν.
1216 2048 1386 2121 Κολωνῆθεν.

271 2161 456 2234 Κονδνλῆθεν.
489 2161 613 2242 Κριῶθεν.
638 2160 762 2226 Ἰσέαθεν
785 2161 816 2224 in
841 2159 936 2225 titulo
959 2161 1071 2225 aetatis
1093 2160 1309 2246 imperatoriae
1333 2183 1389 2246 pro

271 2273 418 2347 Εθσέοοθεν,
442 2297 514 2339 nam
538 2274 703 2357 antiquum
723 2273 806 2338 demi
826 2295 938 2338 nomen
959 2274 1020 2338 fuit
1032 2273 1134 2348 Εἰσέα,
1148 2275 1231 2340 unde
1245 2275 1389 2350 Εἱσεαῖος,

271 2387 355 2471 qnod
381 2386 449 2450 ride
472 2409 574 2472 supra.
599 2385 762 2451 Praeterea
781 2386 985 2466 Μοννιχέοιθεν,
1009 2383 1130 2452 Ὄαθεν.
1152 2387 1266 2460 Ὀῆθεν.
1280 2385 1388 2452 Οἷθθεν.

272 2501 455 2574 Πεντελῆθεν.
487 2503 680 2582 Περγασῆθεν.
712 2500 929 2582 Σφενδαλῆθεν.
959 2502 1096 2574 Φλυῆθεν.
1121 2501 1244 2570 Ὠοῖθεη
1268 2501 1387 2574 Ὠῆθεα

275 2612 479 2678 Rarissimam
491 2617 547 2677 'est
568 2612 634 2696 (ΙΙΙ
649 2615 733 2677 1128
746 2621 778 2678 et
792 2613 891 2698 1188)
905 2619 937 2676 et
950 2613 1011 2676 uisi
1025 2613 1114 2677 fallor
1125 2613 1306 2680 recentioris
1318 2635 1394 2680 usus

272 2728 377 2793 Οῖθθεν.
402 2725 587 2792 Constanter
608 2728 691 2791 enim
714 2727 788 2791 olibi
812 2728 844 2791 in
868 2727 972 2791 titolis
992 2727 1146 2812 reperitur
1163 2724 1197 2802 ἐξ
1218 2725 1297 2801 Οἴου,
1317 2749 1392 2793 con·

271 2839 407 2925 spirante
430 2839 588 2926 Stephano
611 2864 635 2904 s.
659 2863 686 2903 v.
712 2834 790 2913 Οἷον,
812 2840 868 2924 qni
892 2838 967 2904 baec
991 2837 1103 2904 habet:
1129 2834 1208 2914 Οἷον,
1229 2840 1389 2918 δῆμοοτῆο

271 2953 427 3025 Λεοντίδος
449 2959 549 3032 Φυλῆς
577 2951 636 3038 (σοὶ
658 2951 765 3016 conrad
783 2951 841 3017 ins.
864 2951 1052 3036 Meinekins)
1073 2949 1115 3027 ἕξ
1136 2949 1392 3031 01ον,,”Αλεξις

271 3062 422 3140 Ἀλέξιδος
444 3062 478 3140 ἐξ
502 3063 592 3130 οἵοο”
617 3066 653 3128 ἕν
678 3063 769 3146 οἵῳ,
794 3059 935 3130 Οέθνδε
961 3065 1057 3150 (qnod
1078 3066 1390 3151 nonmegisiuveui),

272 3178 326 3249 εἰς
350 3173 449 3243 Oica.
475 3177 548 3242 Sine
571 3177 752 3263 exceptione
774 3178 894 3244 dicitur
917 3177 949 3243 in
974 3178 1095 3242 titulis:
1117 3180 1150 3243 έα
1173 3177 1336 3259 Κεραμέων,
1359 3179 1392 3244 ia

272 3291 382 3365 Κηδῶν,
414 3292 446 3356 ἐκ
476 3291 585 3366 Κοίνης,
618 3293 651 3356 έα
682 3292 848 3377 Λακιαδῶν,
873 3287 906 3366 ἑξ
929 3292 1101 3365 Αἷθαλιδῶν,
1124 3293 1157 3356 έκ
1179 3291 1334 3366 Βησαιέοιν,
1358 3293 1391 3357 έιι

273 3405 466 3469 Δαιδαλιδῶν.

800 3567 864 3633 III.

314 3732 468 3813 Ἀθῆναζε.
489 3732 685 3798 Ἐλευσῖνάδε.
708 3731 840 3816 Reliqua
862 3732 919 3798 boc
932 3754 1031 3818 genus
1039 3731 1208 3797 adhibendi
1221 3733 1254 3798 iu
1266 3733 1395 3819 inscrip-

272 3848 412 3912 tionibus
434 3847 569 3912 defuisse
593 3849 719 3913 videtur
741 3849 870 3913 occasio.

316 3961 479 4026 Demotica
500 3953 654 4048 persaepe⁴
667 3962 881 4047 compendiose
903 3962 1118 4046 significantur
1138 3963 1169 4026 in
1183 3961 1395 4047 titulisprima

273 4075 416 4140 vocabuli
440 4083 527 4161 parte
553 4077 639 4142 velut
662 4078 791 4142 Ἀλασε.
813 4085 889 4157 Πειρ.
917 4076 966 4140 vel
986 4079 1250 4157 Πειραι.ε’νΣκαμ.
1264 4076 1393 4155 ε’μΜελι.

270 4189 300 4252 ἐν
327 4198 432 4254 Κολλν.
457 4189 486 4253 έν
511 4189 638 4264 Κυδαθη.
1270 4183 1272 4186 ’
