<?xml version="1.0" encoding="UTF-8"?>
<!DOCTYPE html PUBLIC "-//W3C//DTD XHTML 1.0 Transitional//EN"
    "http://www.w3.org/TR/xhtml1/DTD/xhtml1-transitional.dtd">
<html xmlns="http://www.w3.org/1999/xhtml" xml:lang="en" lang="en">
 <head>
  <title>
</title>
<meta http-equiv="Content-Type" content="text/html;charset=utf-8" />
  <meta name='ocr-system' content='tesseract 3.04.00' />
  <meta name='ocr-capabilities' content='ocr_page ocr_carea ocr_par ocr_line ocrx_word'/>
</head>
<body>
  <div class='ocr_page' id='page_1' title='image "./lapidumdedialec01herwgoog_0013.png"; bbox 0 0 3476 5142; ppageno 0'>
   <div class='ocr_carea' id='block_1_1' title="bbox 872 553 893 614">
    <p class='ocr_par' dir='ltr' id='par_1_1' title="bbox 872 553 893 614">
     <span class='ocr_line' id='line_1_1' title="bbox 872 553 893 614; baseline 0 0"><span class='ocrx_word' id='word_1_1' title='bbox 872 553 893 614; x_wconf 80' lang='lat'><em>4</em></span> 
     </span>
    </p>
   </div>
   <div class='ocr_carea' id='block_1_2' title="bbox 326 735 1483 2971">
    <p class='ocr_par' dir='ltr' id='par_1_2' title="bbox 330 735 1450 1029">
     <span class='ocr_line' id='line_1_2' title="bbox 377 735 1450 825; baseline 0.004 -24"><span class='ocrx_word' id='word_1_2' title='bbox 377 735 495 802; x_wconf 73' lang='lat' dir='ltr'><strong>Ouarna</strong></span> <span class='ocrx_word' id='word_1_3' title='bbox 529 736 592 802; x_wconf 89' lang='lat'>111.</span> <span class='ocrx_word' id='word_1_4' title='bbox 635 737 683 802; x_wconf 87' lang='lat' dir='ltr'><strong>de</strong></span> <span class='ocrx_word' id='word_1_5' title='bbox 717 736 935 808; x_wconf 79' lang='lat' dir='ltr'><strong>vocabulis</strong></span> <span class='ocrx_word' id='word_1_6' title='bbox 968 736 1341 825; x_wconf 84' lang='lat' dir='ltr'><strong>vocabulorumquc</strong></span> <span class='ocrx_word' id='word_1_7' title='bbox 1376 739 1450 805; x_wconf 89' lang='lat' dir='ltr'><strong>lor·</strong></span> 
     </span>
     <span class='ocr_line' id='line_1_3' title="bbox 336 848 1442 936; baseline 0.003 -22"><span class='ocrx_word' id='word_1_8' title='bbox 336 851 410 915; x_wconf 89' lang='lat' dir='ltr'><strong>mis</strong></span> <span class='ocrx_word' id='word_1_9' title='bbox 442 850 626 934; x_wconf 85' lang='lat' dir='ltr'><strong>aliisque</strong></span> <span class='ocrx_word' id='word_1_10' title='bbox 656 848 776 915; x_wconf 90' lang='lat' dir='ltr'><strong>rebus</strong></span> <span class='ocrx_word' id='word_1_11' title='bbox 806 851 1084 935; x_wconf 74' lang='lat' dir='ltr'><strong>grammaticis</strong></span> <span class='ocrx_word' id='word_1_12' title='bbox 1107 873 1365 936; x_wconf 88' lang='lat' dir='ltr'><strong>quacumque</strong></span> <span class='ocrx_word' id='word_1_13' title='bbox 1395 853 1442 918; x_wconf 85' lang='lat' dir='ltr'><strong>de</strong></span> 
     </span>
     <span class='ocr_line' id='line_1_4' title="bbox 330 962 764 1029; baseline 0 -1"><span class='ocrx_word' id='word_1_14' title='bbox 330 985 452 1028; x_wconf 87' lang='lat' dir='ltr'><strong>causa</strong></span> <span class='ocrx_word' id='word_1_15' title='bbox 483 962 764 1029; x_wconf 89' lang='lat' dir='ltr'><strong>notabilibus.</strong></span> 
     </span>
    </p>

    <p class='ocr_par' dir='ltr' id='par_1_3' title="bbox 374 1075 851 1163">
     <span class='ocr_line' id='line_1_5' title="bbox 374 1075 851 1163; baseline 0.002 -22"><span class='ocrx_word' id='word_1_16' title='bbox 374 1076 492 1142; x_wconf 78' lang='lat' dir='ltr'><strong>Oarrrn</strong></span> <span class='ocrx_word' id='word_1_17' title='bbox 516 1075 572 1140; x_wconf 83' lang='lat' dir='ltr'><strong>IV.</strong></span> <span class='ocrx_word' id='word_1_18' title='bbox 597 1077 643 1142; x_wconf 85' lang='lat' dir='ltr'><strong>de</strong></span> <span class='ocrx_word' id='word_1_19' title='bbox 674 1078 851 1163; x_wconf 76' lang='lat' dir='ltr'><strong>syntaxi.</strong></span> 
     </span>
    </p>

    <p class='ocr_par' dir='ltr' id='par_1_4' title="bbox 417 1189 1446 1390">
     <span class='ocr_line' id='line_1_6' title="bbox 417 1189 1213 1276; baseline 0 -21"><span class='ocrx_word' id='word_1_20' title='bbox 417 1192 488 1276; x_wconf 74' lang='lat' dir='ltr'><strong>§L</strong></span> <span class='ocrx_word' id='word_1_21' title='bbox 512 1191 557 1255; x_wconf 90' lang='lat' dir='ltr'><strong>de</strong></span> <span class='ocrx_word' id='word_1_22' title='bbox 589 1189 964 1255; x_wconf 85' lang='lat' dir='ltr'><strong>coniunctionibus</strong></span> <span class='ocrx_word' id='word_1_23' title='bbox 995 1189 1213 1255; x_wconf 78' lang='lat' dir='ltr'><strong>finalibus.</strong></span> 
     </span>
     <span class='ocr_line' id='line_1_7' title="bbox 418 1302 1446 1390; baseline 0.003 -22"><span class='ocrx_word' id='word_1_24' title='bbox 418 1306 487 1390; x_wconf 62' lang='lat' dir='ltr'><strong>bt.</strong></span> <span class='ocrx_word' id='word_1_25' title='bbox 511 1305 557 1369; x_wconf 92' lang='lat' dir='ltr'><strong>de</strong></span> <span class='ocrx_word' id='word_1_26' title='bbox 579 1306 730 1368; x_wconf 87' lang='lat' dir='ltr'><strong>ceteris</strong></span> <span class='ocrx_word' id='word_1_27' title='bbox 755 1302 1128 1369; x_wconf 89' lang='lat' dir='ltr'><strong>coniunctionibus</strong></span> <span class='ocrx_word' id='word_1_28' title='bbox 1152 1311 1191 1368; x_wconf 90' lang='lat' dir='ltr'><strong>ot</strong></span> <span class='ocrx_word' id='word_1_29' title='bbox 1209 1305 1446 1390; x_wconf 74' lang='lat' dir='ltr'><strong>particulis.</strong></span> 
     </span>
    </p>

    <p class='ocr_par' dir='ltr' id='par_1_5' title="bbox 326 1415 1483 2971">
     <span class='ocr_line' id='line_1_8' title="bbox 373 1415 1446 1502; baseline 0.001 -19"><span class='ocrx_word' id='word_1_30' title='bbox 373 1418 455 1483; x_wconf 81' lang='lat' dir='ltr'><strong>Fieri</strong></span> <span class='ocrx_word' id='word_1_31' title='bbox 486 1423 598 1502; x_wconf 88' lang='lat' dir='ltr'><strong>potest,</strong></span> <span class='ocrx_word' id='word_1_32' title='bbox 634 1423 671 1482; x_wconf 94' lang='lat' dir='ltr'><strong>ut</strong></span> <span class='ocrx_word' id='word_1_33' title='bbox 704 1417 796 1481; x_wconf 87' lang='lat' dir='ltr'><strong>multi</strong></span> <span class='ocrx_word' id='word_1_34' title='bbox 820 1415 903 1482; x_wconf 89' lang='lat' dir='ltr'><strong>docti</strong></span> <span class='ocrx_word' id='word_1_35' title='bbox 927 1417 1086 1496; x_wconf 81' lang='lat' dir='ltr'><strong>Germani,</strong></span> <span class='ocrx_word' id='word_1_36' title='bbox 1111 1418 1166 1502; x_wconf 92' lang='lat' dir='ltr'><strong>qui</strong></span> <span class='ocrx_word' id='word_1_37' title='bbox 1190 1419 1224 1483; x_wconf 94' lang='lat' dir='ltr'><strong>in</strong></span> <span class='ocrx_word' id='word_1_38' title='bbox 1246 1419 1303 1484; x_wconf 91' lang='lat' dir='ltr'><strong>boc</strong></span> <span class='ocrx_word' id='word_1_39' title='bbox 1327 1420 1446 1485; x_wconf 85' lang='lat' dir='ltr'><strong>studio·</strong></span> 
     </span>
     <span class='ocr_line' id='line_1_9' title="bbox 329 1529 1445 1615; baseline 0.001 -20"><span class='ocrx_word' id='word_1_40' title='bbox 329 1553 398 1596; x_wconf 92' lang='lat' dir='ltr'><strong>rum</strong></span> <span class='ocrx_word' id='word_1_41' title='bbox 432 1552 544 1615; x_wconf 90' lang='lat' dir='ltr'><strong>genere</strong></span> <span class='ocrx_word' id='word_1_42' title='bbox 575 1531 635 1594; x_wconf 93' lang='lat' dir='ltr'><strong>toti</strong></span> <span class='ocrx_word' id='word_1_43' title='bbox 669 1538 753 1608; x_wconf 89' lang='lat' dir='ltr'><strong>sunt,</strong></span> <span class='ocrx_word' id='word_1_44' title='bbox 789 1551 899 1615; x_wconf 88' lang='lat' dir='ltr'><strong>parum</strong></span> <span class='ocrx_word' id='word_1_45' title='bbox 933 1537 988 1594; x_wconf 89' lang='lat' dir='ltr'><strong>aut</strong></span> <span class='ocrx_word' id='word_1_46' title='bbox 1023 1529 1105 1594; x_wconf 90' lang='lat' dir='ltr'><strong>nihil</strong></span> <span class='ocrx_word' id='word_1_47' title='bbox 1135 1530 1208 1595; x_wconf 84' lang='lat' dir='ltr'><strong>novi</strong></span> <span class='ocrx_word' id='word_1_48' title='bbox 1239 1531 1271 1595; x_wconf 91' lang='lat' dir='ltr'><strong>in</strong></span> <span class='ocrx_word' id='word_1_49' title='bbox 1295 1532 1354 1596; x_wconf 90' lang='lat' dir='ltr'><strong>hoc</strong></span> <span class='ocrx_word' id='word_1_50' title='bbox 1380 1555 1445 1596; x_wconf 89' lang='lat' dir='ltr'><strong>meo</strong></span> 
     </span>
     <span class='ocr_line' id='line_1_10' title="bbox 328 1643 1445 1731; baseline -0.001 -22"><span class='ocrx_word' id='word_1_51' title='bbox 328 1645 478 1731; x_wconf 90' lang='lat' dir='ltr'><strong>opusculo</strong></span> <span class='ocrx_word' id='word_1_52' title='bbox 511 1645 575 1709; x_wconf 90' lang='lat' dir='ltr'><strong>siut</strong></span> <span class='ocrx_word' id='word_1_53' title='bbox 606 1643 769 1728; x_wconf 85' lang='lat' dir='ltr'><strong>reperturi,</strong></span> <span class='ocrx_word' id='word_1_54' title='bbox 794 1643 846 1707; x_wconf 87' lang='lat' dir='ltr'><strong>scd</strong></span> <span class='ocrx_word' id='word_1_55' title='bbox 871 1644 984 1707; x_wconf 90' lang='lat' dir='ltr'><strong>nostris</strong></span> <span class='ocrx_word' id='word_1_56' title='bbox 1008 1651 1090 1708; x_wconf 80' lang='lat' dir='ltr'><strong>cert-e</strong></span> <span class='ocrx_word' id='word_1_57' title='bbox 1114 1643 1289 1730; x_wconf 87' lang='lat' dir='ltr'><strong>philologis,</strong></span> <span class='ocrx_word' id='word_1_58' title='bbox 1313 1666 1445 1728; x_wconf 85' lang='lat' dir='ltr'><strong>quorum</strong></span> 
     </span>
     <span class='ocr_line' id='line_1_11' title="bbox 327 1756 1444 1843; baseline -0.001 -20"><span class='ocrx_word' id='word_1_59' title='bbox 327 1758 418 1843; x_wconf 85' lang='lat' dir='ltr'><strong>longe</strong></span> <span class='ocrx_word' id='word_1_60' title='bbox 453 1761 550 1823; x_wconf 90' lang='lat' dir='ltr'><strong>maior</strong></span> <span class='ocrx_word' id='word_1_61' title='bbox 583 1781 652 1842; x_wconf 85' lang='lat' dir='ltr'><strong>pars</strong></span> <span class='ocrx_word' id='word_1_62' title='bbox 686 1757 794 1821; x_wconf 88' lang='lat' dir='ltr'><strong>harum</strong></span> <span class='ocrx_word' id='word_1_63' title='bbox 830 1777 933 1820; x_wconf 87' lang='lat' dir='ltr'><strong>rerum</strong></span> <span class='ocrx_word' id='word_1_64' title='bbox 970 1756 1056 1821; x_wconf 90' lang='lat' dir='ltr'><strong>rudis</strong></span> <span class='ocrx_word' id='word_1_65' title='bbox 1087 1780 1152 1822; x_wconf 79' lang='lat' dir='ltr'><strong>esse</strong></span> <span class='ocrx_word' id='word_1_66' title='bbox 1182 1757 1270 1832; x_wconf 88' lang='lat' dir='ltr'><strong>solet,</strong></span> <span class='ocrx_word' id='word_1_67' title='bbox 1305 1782 1352 1823; x_wconf 89' lang='lat' dir='ltr'><strong>me</strong></span> <span class='ocrx_word' id='word_1_68' title='bbox 1382 1781 1444 1822; x_wconf 89' lang='lat' dir='ltr'><strong>rem</strong></span> 
     </span>
     <span class='ocr_line' id='line_1_12' title="bbox 327 1869 1445 1958; baseline 0.002 -24"><span class='ocrx_word' id='word_1_69' title='bbox 327 1892 429 1954; x_wconf 89' lang='lat' dir='ltr'><strong>neque</strong></span> <span class='ocrx_word' id='word_1_70' title='bbox 452 1872 606 1955; x_wconf 79' lang='lat' dir='ltr'><strong>ingratam</strong></span> <span class='ocrx_word' id='word_1_71' title='bbox 631 1892 732 1954; x_wconf 90' lang='lat' dir='ltr'><strong>noque</strong></span> <span class='ocrx_word' id='word_1_72' title='bbox 755 1870 900 1934; x_wconf 91' lang='lat' dir='ltr'><strong>inutilem</strong></span> <span class='ocrx_word' id='word_1_73' title='bbox 922 1891 1100 1953; x_wconf 84' lang='lat' dir='ltr'><strong>aggressum</strong></span> <span class='ocrx_word' id='word_1_74' title='bbox 1125 1892 1190 1934; x_wconf 88' lang='lat' dir='ltr'><strong>esse</strong></span> <span class='ocrx_word' id='word_1_75' title='bbox 1210 1869 1306 1935; x_wconf 84' lang='lat' dir='ltr'><strong>habeo</strong></span> <span class='ocrx_word' id='word_1_76' title='bbox 1322 1893 1445 1958; x_wconf 89' lang='lat' dir='ltr'><strong>persua·</strong></span> 
     </span>
     <span class='ocr_line' id='line_1_13' title="bbox 328 1982 1444 2069; baseline 0 -21"><span class='ocrx_word' id='word_1_77' title='bbox 328 1984 497 2061; x_wconf 86' lang='lat' dir='ltr'><strong>sissimum,</strong></span> <span class='ocrx_word' id='word_1_78' title='bbox 533 2005 632 2066; x_wconf 87' lang='lat' dir='ltr'><strong>quum</strong></span> <span class='ocrx_word' id='word_1_79' title='bbox 665 1983 844 2069; x_wconf 87' lang='lat' dir='ltr'><strong>praesertim</strong></span> <span class='ocrx_word' id='word_1_80' title='bbox 879 2003 981 2066; x_wconf 88' lang='lat' dir='ltr'><strong>nequo</strong></span> <span class='ocrx_word' id='word_1_81' title='bbox 1012 1982 1069 2066; x_wconf 92' lang='lat' dir='ltr'><strong>ipsi</strong></span> <span class='ocrx_word' id='word_1_82' title='bbox 1101 1983 1166 2046; x_wconf 91' lang='lat' dir='ltr'><strong>otio</strong></span> <span class='ocrx_word' id='word_1_83' title='bbox 1190 1984 1319 2048; x_wconf 87' lang='lat' dir='ltr'><strong>affluant</strong></span> <span class='ocrx_word' id='word_1_84' title='bbox 1343 2006 1444 2068; x_wconf 89' lang='lat' dir='ltr'><strong>neque</strong></span> 
     </span>
     <span class='ocr_line' id='line_1_14' title="bbox 328 2094 1443 2182; baseline 0.001 -22"><span class='ocrx_word' id='word_1_85' title='bbox 328 2119 439 2182; x_wconf 91' lang='lat' dir='ltr'><strong>corpus</strong></span> <span class='ocrx_word' id='word_1_86' title='bbox 473 2097 709 2182; x_wconf 84' lang='lat' dir='ltr'><strong>inscriptionum</strong></span> <span class='ocrx_word' id='word_1_87' title='bbox 737 2095 914 2160; x_wconf 81' lang='lat' dir='ltr'><strong>Atticarum</strong></span> <span class='ocrx_word' id='word_1_88' title='bbox 939 2095 1110 2178; x_wconf 89' lang='lat' dir='ltr'><strong>unicuique</strong></span> <span class='ocrx_word' id='word_1_89' title='bbox 1135 2096 1175 2158; x_wconf 88' lang='lat' dir='ltr'><strong>sit</strong></span> <span class='ocrx_word' id='word_1_90' title='bbox 1198 2094 1345 2180; x_wconf 86' lang='lat' dir='ltr'><strong>parabile.</strong></span> <span class='ocrx_word' id='word_1_91' title='bbox 1371 2097 1443 2162; x_wconf 89' lang='lat' dir='ltr'><strong>Non</strong></span> 
     </span>
     <span class='ocr_line' id='line_1_15' title="bbox 327 2208 1444 2295; baseline 0 -23"><span class='ocrx_word' id='word_1_92' title='bbox 327 2232 434 2273; x_wconf 86' lang='lat' dir='ltr'><strong>vanam</strong></span> <span class='ocrx_word' id='word_1_93' title='bbox 459 2210 556 2294; x_wconf 81' lang='lat' dir='ltr'><strong>igitur</strong></span> <span class='ocrx_word' id='word_1_94' title='bbox 576 2209 737 2293; x_wconf 81' lang='lat' dir='ltr'><strong>gloriolam</strong></span> <span class='ocrx_word' id='word_1_95' title='bbox 760 2211 852 2291; x_wconf 85' lang='lat' dir='ltr'><strong>(quae</strong></span> <span class='ocrx_word' id='word_1_96' title='bbox 871 2229 966 2291; x_wconf 86' lang='lat' dir='ltr'><strong>quem</strong></span> <span class='ocrx_word' id='word_1_97' title='bbox 986 2208 1099 2291; x_wconf 79' lang='lat' dir='ltr'><strong>exigua</strong></span> <span class='ocrx_word' id='word_1_98' title='bbox 1110 2208 1190 2272; x_wconf 86' lang='lat' dir='ltr'><strong>lcret</strong></span> <span class='ocrx_word' id='word_1_99' title='bbox 1201 2210 1317 2295; x_wconf 90' lang='lat' dir='ltr'><strong>optime</strong></span> <span class='ocrx_word' id='word_1_100' title='bbox 1330 2212 1444 2294; x_wconf 88' lang='lat' dir='ltr'><strong>sentio)</strong></span> 
     </span>
     <span class='ocr_line' id='line_1_16' title="bbox 328 2319 1443 2408; baseline 0.001 -22"><span class='ocrx_word' id='word_1_101' title='bbox 328 2329 455 2408; x_wconf 81' lang='lat' dir='ltr'><strong>captans</strong></span> <span class='ocrx_word' id='word_1_102' title='bbox 488 2345 550 2386; x_wconf 89' lang='lat' dir='ltr'><strong>non</strong></span> <span class='ocrx_word' id='word_1_103' title='bbox 586 2323 652 2385; x_wconf 87' lang='lat' dir='ltr'><strong>sinc</strong></span> <span class='ocrx_word' id='word_1_104' title='bbox 682 2319 785 2386; x_wconf 86' lang='lat' dir='ltr'><strong>taedio</strong></span> <span class='ocrx_word' id='word_1_105' title='bbox 815 2321 890 2384; x_wconf 85' lang='lat' dir='ltr'><strong>baec</strong></span> <span class='ocrx_word' id='word_1_106' title='bbox 919 2319 1083 2385; x_wconf 89' lang='lat' dir='ltr'><strong>titulorum</strong></span> <span class='ocrx_word' id='word_1_107' title='bbox 1116 2321 1296 2385; x_wconf 85' lang='lat' dir='ltr'><strong>testimonia¹</strong></span> <span class='ocrx_word' id='word_1_108' title='bbox 1323 2322 1443 2406; x_wconf 81' lang='lat' dir='ltr'><strong>collegi,</strong></span> 
     </span>
     <span class='ocr_line' id='line_1_17' title="bbox 327 2432 1483 2520; baseline -0.001 -21"><span class='ocrx_word' id='word_1_109' title='bbox 327 2435 381 2500; x_wconf 87' lang='lat' dir='ltr'><strong>sod</strong></span> <span class='ocrx_word' id='word_1_110' title='bbox 407 2442 442 2498; x_wconf 92' lang='lat' dir='ltr'><strong>ut</strong></span> <span class='ocrx_word' id='word_1_111' title='bbox 465 2435 634 2499; x_wconf 88' lang='lat' dir='ltr'><strong>multorum</strong></span> <span class='ocrx_word' id='word_1_112' title='bbox 659 2458 675 2498; x_wconf 89' lang='lat' dir='ltr'><strong>e</strong></span> <span class='ocrx_word' id='word_1_113' title='bbox 698 2432 892 2498; x_wconf 82' lang='lat' dir='ltr'><strong>nostratibus</strong></span> <span class='ocrx_word' id='word_1_114' title='bbox 915 2441 947 2496; x_wconf 90' lang='lat' dir='ltr'><strong>ot</strong></span> <span class='ocrx_word' id='word_1_115' title='bbox 969 2433 1190 2499; x_wconf 90' lang='lat' dir='ltr'><strong>nonnullorum</strong></span> <span class='ocrx_word' id='word_1_116' title='bbox 1212 2435 1340 2499; x_wconf 81' lang='lat' dir='ltr'><strong>fortuma</strong></span> <span class='ocrx_word' id='word_1_117' title='bbox 1362 2457 1445 2520; x_wconf 82' lang='lat' dir='ltr'><strong>perc·</strong></span> <span class='ocrx_word' id='word_1_118' title='bbox 1480 2453 1483 2462; x_wconf 83' lang='lat'><strong>·</strong></span> 
     </span>
     <span class='ocr_line' id='line_1_18' title="bbox 326 2546 1445 2632; baseline 0 -20"><span class='ocrx_word' id='word_1_119' title='bbox 326 2548 483 2631; x_wconf 85' lang='lat' dir='ltr'><strong>grinorum</strong></span> <span class='ocrx_word' id='word_1_120' title='bbox 509 2548 677 2613; x_wconf 89' lang='lat' dir='ltr'><strong>commodis</strong></span> <span class='ocrx_word' id='word_1_121' title='bbox 703 2554 735 2611; x_wconf 90' lang='lat' dir='ltr'><strong>et</strong></span> <span class='ocrx_word' id='word_1_122' title='bbox 758 2546 890 2610; x_wconf 82' lang='lat' dir='ltr'><strong>utilitati</strong></span> <span class='ocrx_word' id='word_1_123' title='bbox 914 2547 1130 2632; x_wconf 81' lang='lat' dir='ltr'><strong>prospicerem,</strong></span> <span class='ocrx_word' id='word_1_124' title='bbox 1153 2569 1189 2611; x_wconf 91' lang='lat' dir='ltr'><strong>co</strong></span> <span class='ocrx_word' id='word_1_125' title='bbox 1211 2569 1338 2631; x_wconf 84' lang='lat' dir='ltr'><strong>quoquc</strong></span> <span class='ocrx_word' id='word_1_126' title='bbox 1365 2569 1445 2612; x_wconf 88' lang='lat' dir='ltr'><strong>com·</strong></span> 
     </span>
     <span class='ocr_line' id='line_1_19' title="bbox 326 2658 1443 2745; baseline 0 -22"><span class='ocrx_word' id='word_1_127' title='bbox 326 2660 436 2745; x_wconf 86' lang='lat' dir='ltr'><strong>pulsus</strong></span> <span class='ocrx_word' id='word_1_128' title='bbox 464 2659 558 2744; x_wconf 92' lang='lat' dir='ltr'><strong>quod,</strong></span> <span class='ocrx_word' id='word_1_129' title='bbox 588 2661 613 2724; x_wconf 91' lang='lat' dir='ltr'><strong>si</strong></span> <span class='ocrx_word' id='word_1_130' title='bbox 646 2681 682 2724; x_wconf 83' lang='lat' dir='ltr'><strong>ox</strong></span> <span class='ocrx_word' id='word_1_131' title='bbox 715 2658 817 2723; x_wconf 91' lang='lat' dir='ltr'><strong>indice</strong></span> <span class='ocrx_word' id='word_1_132' title='bbox 849 2658 886 2721; x_wconf 85' lang='lat' dir='ltr'><strong>ad</strong></span> <span class='ocrx_word' id='word_1_133' title='bbox 920 2660 1054 2743; x_wconf 89' lang='lat' dir='ltr'><strong>primum</strong></span> <span class='ocrx_word' id='word_1_134' title='bbox 1080 2658 1223 2724; x_wconf 87' lang='lat' dir='ltr'><strong>volumen</strong></span> <span class='ocrx_word' id='word_1_135' title='bbox 1250 2659 1322 2724; x_wconf 88' lang='lat' dir='ltr'><strong>licet</strong></span> <span class='ocrx_word' id='word_1_136' title='bbox 1344 2658 1443 2724; x_wconf 86' lang='lat' dir='ltr'><strong>facere</strong></span> 
     </span>
     <span class='ocr_line' id='line_1_20' title="bbox 326 2769 1442 2858; baseline -0.002 -20"><span class='ocrx_word' id='word_1_137' title='bbox 326 2773 546 2852; x_wconf 87' lang='lat' dir='ltr'><strong>coniecturam,</strong></span> <span class='ocrx_word' id='word_1_138' title='bbox 570 2773 682 2858; x_wconf 81' lang='lat' dir='ltr'><strong>exigua</strong></span> <span class='ocrx_word' id='word_1_139' title='bbox 705 2769 773 2857; x_wconf 75' lang='lat' dir='ltr'><strong>spes</strong></span> <span class='ocrx_word' id='word_1_140' title='bbox 797 2794 861 2835; x_wconf 88' lang='lat' dir='ltr'><strong>esso</strong></span> <span class='ocrx_word' id='word_1_141' title='bbox 884 2769 1017 2851; x_wconf 88' lang='lat' dir='ltr'><strong>videtur,</strong></span> <span class='ocrx_word' id='word_1_142' title='bbox 1043 2777 1080 2835; x_wconf 89' lang='lat' dir='ltr'><strong>ut</strong></span> <span class='ocrx_word' id='word_1_143' title='bbox 1099 2771 1233 2856; x_wconf 83' lang='lat' dir='ltr'><strong>perlecto</strong></span> <span class='ocrx_word' id='word_1_144' title='bbox 1253 2772 1338 2856; x_wconf 89' lang='lat' dir='ltr'><strong>operi</strong></span> <span class='ocrx_word' id='word_1_145' title='bbox 1358 2771 1442 2836; x_wconf 92' lang='lat' dir='ltr'><strong>locu·</strong></span> 
     </span>
     <span class='ocr_line' id='line_1_21' title="bbox 327 2881 1440 2971; baseline -0.001 -20"><span class='ocrx_word' id='word_1_146' title='bbox 327 2886 391 2971; x_wconf 87' lang='lat' dir='ltr'><strong>ples</strong></span> <span class='ocrx_word' id='word_1_147' title='bbox 422 2887 515 2951; x_wconf 88' lang='lat' dir='ltr'><strong>index</strong></span> <span class='ocrx_word' id='word_1_148' title='bbox 538 2908 641 2951; x_wconf 87' lang='lat' dir='ltr'><strong>rerum</strong></span> <span class='ocrx_word' id='word_1_149' title='bbox 665 2884 936 2970; x_wconf 80' lang='lat' dir='ltr'><strong>grammaticarum</strong></span> <span class='ocrx_word' id='word_1_150' title='bbox 961 2881 1000 2946; x_wconf 85' lang='lat' dir='ltr'><strong>ab</strong></span> <span class='ocrx_word' id='word_1_151' title='bbox 1025 2883 1197 2950; x_wconf 90' lang='lat' dir='ltr'><strong>editoribus</strong></span> <span class='ocrx_word' id='word_1_152' title='bbox 1220 2883 1440 2970; x_wconf 81' lang='lat' dir='ltr'><strong>subiungatur.</strong></span> 
     </span>
    </p>
   </div>
   <div class='ocr_carea' id='block_1_3' title="bbox 0 0 1742 5142">
    <p class='ocr_par' dir='ltr' id='par_1_6' title="bbox 0 0 1742 5142">
     <span class='ocr_line' id='line_1_22' title="bbox 0 0 1742 5142; baseline 0 2"><span class='ocrx_word' id='word_1_153' title='bbox 0 0 1742 5142; x_wconf 95' lang='lat' dir='ltr'><strong> </strong></span> 
     </span>
    </p>
   </div>
  </div>
 </body>
</html>
