3476 5142
879 496 918 562 76

341 679 452 742 mentis
482 679 679 745 vehementer
709 679 820 747 dubito
852 687 884 744 et
907 681 1076 763 ἀπαλλαγῇ
1098 719 1143 732 -
1165 681 1222 764 ἔχῃ
1246 685 1365 750 veriora
1387 708 1452 752 esse

339 791 532 856 crediderim.

384 905 434 969 Sic
463 907 561 991 igitur
591 906 766 972 habendum
799 915 863 974 est:
895 909 1174 976 Athenienses
1204 912 1245 976 in
1268 911 1452 997 publicis

339 1019 601 1104 privatisque
634 1023 908 1087 monumentis
937 1030 1033 1096 ante
1062 1031 1245 1111 tempora
1276 1025 1451 1093 Macedo

338 1133 431 1196 nica
462 1134 702 1218 plerumque
725 1134 822 1208 ὅπως
845 1134 889 1200 ἄν
912 1158 996 1202 enm
1021 1137 1309 1218 coniunctim,
1334 1146 1374 1206 et
1399 1164 1451 1206 ra·

338 1245 498 1311 tissime
530 1244 626 1321 ὅπως
649 1269 733 1313 eum
758 1248 907 1314 Futuri
931 1249 1164 1316 indicativo
1188 1275 1259 1318 ueo
1284 1255 1450 1339 saepius

337 1359 398 1424 ἵνα
429 1383 514 1424 eum
545 1361 820 1427 coniunctivo
843 1363 1095 1429 adhibuisse.
1122 1363 1196 1430 His
1218 1373 1356 1431 aetate
1377 1366 1450 1432 Me

337 1473 534 1540 eedoniea
569 1475 631 1540 vel
668 1475 812 1561 paullo
846 1486 940 1542 ante
971 1479 1146 1544 secessit
1176 1479 1325 1545 nudum
1351 1479 1450 1555 ὅπως

336 1611 422 1654 eum
458 1589 746 1670 coniunctivo,
781 1597 821 1654 et
849 1598 987 1656 aetate
1021 1592 1295 1678 imperatoria
1327 1595 1371 1665 ὥς
1404 1592 1449 1658 ἄν

336 1724 420 1768 oum
453 1704 657 1789 optativo,
689 1711 727 1768 et
750 1702 848 1780 ὅπως
872 1728 956 1771 cum
981 1706 1186 1792 optativo,
1211 1713 1250 1770 et
1271 1706 1448 1774 fortasse

336 1811 433 1888 ὅπως
455 1815 499 1879 ἄν
521 1839 608 1882 oum
630 1819 831 1903 optativo.

463 2081 479 2164 p
504 2082 533 2145 2.
557 2099 598 2144 ou
621 2099 745 2144 orsurus
767 2099 1048 2148 commemoremus
1071 2101 1109 2145 nr
1131 2101 1324 2148 esnrronnrs.

379 2277 424 2340 Ut
458 2286 505 2342 est
538 2301 636 2362 genus
667 2277 830 2355 scribendi,
865 2301 927 2362 qno
959 2277 1069 2343 Graeci
1098 2281 1131 2345 in
1162 2281 1210 2345 his
1237 2279 1445 2345 monumentis

335 2391 467 2476 (poetica
494 2391 575 2455 enim
600 2414 660 2455 non
686 2395 792 2476 tango)
817 2399 963 2470 utuntur,
988 2400 1097 2478 suapte
1123 2400 1235 2458 natura
1258 2392 1446 2479 simplicissi-

334 2526 419 2568 mum
443 2513 474 2568 et
496 2503 534 2568 ab
559 2505 644 2570 omni
667 2513 777 2570 ornatu
802 2507 936 2570 oratorio
959 2507 1107 2586 alienum,
1128 2508 1283 2590 certisque
1302 2507 1366 2571 fere
1384 2507 1443 2572 for·

333 2616 426 2682 mulis
460 2617 552 2702 longo
575 2638 634 2682 usu
657 2617 785 2682 sacratis
809 2618 1021 2705 conspicuum,
1046 2620 1089 2682 its
1113 2619 1288 2683 mirandum
1311 2639 1374 2684 non
1398 2625 1445 2683 est

233 2759 240 2770 ·
332 2754 404 2796 eum
426 2732 532 2816 paucis
556 2732 639 2796 huno
661 2731 799 2817 lapidum
823 2755 993 2798 sermonem
1017 2732 1146 2817 defungi
1170 2731 1444 2799 coniunctionibus

330 2851 398 2908 tum
427 2845 604 2930 praesertim
627 2867 752 2931 prorsus
775 2845 809 2910 in
832 2845 887 2910 illo
910 2844 1076 2911 desiderari
1099 2846 1215 2930 largam
1237 2844 1323 2910 iliam
1347 2845 1444 2910 inter·

330 2958 499 3022 iectionum
521 2965 754 3042 ceterarumque
776 2959 999 3044 particularum
1012 2958 1140 3046 copiam,
1154 2980 1216 3043 qus
1229 2956 1339 3022 Graeci
1352 2957 1444 3042 serip-

330 3079 412 3136 tores
447 3070 557 3135 mentis
592 3071 750 3155 animique
784 3094 932 3137 sensuum
967 3078 1062 3156 atque
1094 3071 1259 3135 affectuum
1292 3079 1442 3154 tanquam

330 3185 517 3249 musicorum
552 3191 696 3249 tonorum
732 3185 904 3250 lenissimas
938 3184 1158 3271 discrepantias
1190 3183 1314 3248 infinite
1345 3205 1442 3269 peeue

331 3298 479 3361 varietate
502 3298 672 3382 exprimere
696 3303 929 3363 consueverant.

374 3410 500 3476 Praeter
529 3412 761 3477 coniunctiones
791 3412 908 3488 finales,
941 3411 1117 3496 dequibus
1141 3412 1261 3496 egimus
1285 3411 1316 3474 in
1341 3412 1441 3497 capite

329 3525 535 3612 praecedenti,
569 3547 680 3612 eorpus
713 3525 950 3610 inscriptionum
986 3526 1160 3590 Atticarum
1198 3524 1440 3610 perlustrantem

329 3638 496 3702 advertunt
519 3638 575 3702 hae
596 3659 730 3723 paucae:

374 3753 401 3816 1.
426 3751 620 3817 Consules
643 3752 740 3825 ἐπειδή
765 3758 796 3816 et
819 3749 871 3825 das,
898 3759 930 3816 et
953 3773 1021 3816 raro
1044 3753 1091 3823 ὡς,
1110 3771 1241 3834 quarum
1262 3749 1440 3834 prirnaoon·

330 3872 448 3932 stanter
481 3861 660 3952 usurpatur,
691 3873 729 3929 ut
759 3867 950 3950 significetur
982 3887 1062 3949 quae
1092 3886 1183 3928 eausa
1212 3870 1267 3927 aut
1297 3871 1440 3928 senatum

329 3978 390 4046 eut'
407 3979 557 4067 populum
581 3979 712 4042 moverit
733 3977 772 4042 ad
795 3978 874 4043 hano
895 3977 1019 4042 illamve
1042 4000 1106 4042 rem
1130 3975 1364 4054 decernendam,
1385 3982 1441 4040 sut

328 4103 478 4160 oratorem
502 4100 539 4156 ut
561 4091 681 4176 aliquid
705 4089 818 4178 populo
841 4089 978 4170 suadeat,
1003 4089 1046 4155 ὅτι
1070 4113 1142 4156 vero
1160 4090 1249 4176 iungi
1270 4089 1348 4154 solet
1367 4109 1439 4154 enm

328 4206 428 4272 verbis
451 4206 604 4271 sentiendi
626 4212 659 4269 et
680 4203 869 4284 declarandi,
897 4211 932 4268 ut
956 4204 1067 4278 εἰδέναι,
1091 4203 1212 4278 ἀκούειν,
1236 4203 1335 4275 εἰπεῖν,
1354 4203 1439 4267 ἐπνι-

327 4327 394 4394 νεῖν,
417 4320 456 4385 ad
478 4319 679 4385 indicendum
700 4317 777 4402 quid
796 4318 866 4402 quis
884 4319 1014 4398 noverit,
1028 4317 1191 4397 audiverit,
1204 4316 1299 4396 diost,
1312 4314 1433 4380 landet.
