3476 5142
818 623 857 680 59

277 801 527 868 additamentum
562 803 637 868 satis
667 803 800 866 otiosum
835 801 996 868 videatur:
1025 803 1086 884 rapi
1110 798 1146 868 ὧν
1169 803 1193 868 οἱ
1213 803 1391 884 Ἀκαρνᾶνες

277 913 411 993 λέγουσιν
434 916 563 998 Φορμίων
585 915 638 980 καὶ
661 917 812 996 Καρφίνας
835 917 867 982 οἱ
888 917 968 982 νέον
991 917 1172 990 ἐλθόντες
1195 916 1332 997 δεδόχθαι
1350 918 1391 999 τῷ

278 1027 363 1108 δάμῳ
385 1028 445 1092 κτὲ.

323 1147 435 1206 νεῖον.
457 1141 516 1206 TN
539 1149 603 1206 νεῖοι
622 1141 709 1207 καινά
730 1150 762 1206 et
785 1142 861 1207 νείων
886 1145 937 1224 (sc.
962 1140 1074 1230 ξύλων)
1100 1143 1191 1220 τάμοι.
1217 1166 1247 1227 p.
1274 1145 1346 1207 528.

323 1255 519 1320 νεώσοικοι
552 1253 611 1318 TN
641 1277 672 1342 p.
705 1257 779 1319 822.
811 1259 885 1320 414.
915 1260 989 1321 447.
1017 1259 1078 1320 529
1103 1263 1135 1321 et
1157 1257 1280 1342 passim,
1304 1249 1393 1320 ntim-

280 1373 462 1452 quamarcia
485 1361 560 1446 οἶκοι,
584 1377 621 1433 ut
644 1391 733 1455 saepe
757 1369 910 1434 dederunt
932 1369 1061 1434 librarii.

325 1485 433 1545 νικάν
467 1481 716 1558 Ὀλυμπίαισι
749 1482 817 1548 sim.
851 1505 913 1546 non
949 1483 1102 1548 soloeoum
1135 1505 1199 1546 esse
1229 1503 1283 1567 pro
1315 1485 1394 1545 νικάι

282 1594 442 1673 Ὀλύμπια
473 1596 685 1661 demonstrare
714 1595 837 1660 ridetur
872 1597 923 1661 tit.
958 1597 1060 1660 1419
1087 1594 1153 1678 (Ol.
1176 1598 1217 1658 85
1241 1594 1291 1658 vix
1314 1597 1395 1659 anti·

282 1709 373 1793 quior
396 1709 462 1773 iud.
487 1709 639 1793 Kirohb.),
664 1708 717 1774 ubi
741 1717 898 1795 superest:

326 1831 398 1888 Nil(

327 1945 557 2001 ΟΛ..ΤΙΑΣΙ
910 2007 911 2012 ,

283 2048 396 2112 deinde
428 2069 498 2112 vero
531 2070 567 2112 ex
597 2048 716 2132 vulgari
746 2047 870 2113 dicendi
902 2051 1021 2114 ratione
1045 2049 1202 2133 sequitur:
1228 2047 1319 2113 Πύθια
1342 2048 1395 2121 aa,

282 2157 403 2239 Ἴσθμια
437 2160 584 2234 πεντάκις,
615 2161 732 2238 Νέμεια
754 2161 897 2242 τετράκις,
922 2163 1112 2236 Παναθήναια
1135 2160 1261 2240 μεγάλα
1286 2209 1294 2225 .
1319 2209 1327 2224 .
1353 2209 1361 2225 .
1389 2211 1396 2225 .

283 2276 332 2339 Ite
366 2297 490 2359 quoque
522 2277 537 2340 1
570 2278 633 2339 420
658 2282 706 2340 est
727 2284 841 2341 NIKAI
866 2275 992 2354 Ἰσθμοῖ,
1017 2276 1143 2358 Νεμείρι,
1168 2275 1241 2340 licet
1264 2275 1395 2340 dubium

284 2386 381 2452 videri
413 2388 508 2472 possit
538 2395 644 2452 utrum
675 2393 740 2470 νικᾷ
770 2389 1041 2474 interpretandum
1072 2389 1112 2453 sit
1136 2411 1175 2452 en
1199 2395 1287 2452 νῖκαι.
1311 2387 1397 2452 Illud

268 2508 389 2564 'nmen
424 2502 526 2566 verius
556 2500 697 2567 arbitror.
733 2501 779 2566 Oi.
815 2523 898 2581 soss,
932 2501 996 2566 die
1030 2501 1168 2566 damen
1205 2523 1276 2565 van
1313 2504 1396 2565 Att.

284 2615 319 2678 n⁰
344 2616 405 2678 lll
432 2615 550 2689 νικάσας
573 2616 777 2693 Ὀλυμπίασιν
800 2613 894 2680 ἵππιον
917 2613 1055 2697 ξυνωράδι,
1075 2615 1165 2679 euius
1185 2621 1290 2680 tamen
1310 2614 1398 2678 tituli

284 2737 369 2793 aetas
403 2726 498 2792 dubia
532 2736 587 2793 est.
623 2727 748 2794 Tertius
782 2728 906 2794 dicendi
942 2730 1052 2794 modas
1087 2733 1165 2793 νικάν
1198 2725 1399 2805 Ὀλυμπιάδα

286 2841 413 2925 (Herod.
448 2843 498 2906 IX
530 2843 570 2904 33
599 2841 651 2923 al.)
685 2841 845 2906 stabilitur
879 2842 1008 2926 antiquo
1039 2840 1261 2928 epigrammate
1292 2861 1399 2904 reeens

285 2963 374 3021 eruto
397 2955 561 3042 Olympiae
584 2955 667 3039 (Vid.
692 2956 789 3022 Arch.
812 2955 887 3020 Zeit.
914 2957 953 3019 79
978 2977 1007 3040 p.
1036 2958 1129 3038 leot:

417 3070 567 3143 Ἐλλήνων
589 3063 677 3150 ἦρχον
699 3067 761 3134 ro'r’
786 3068 951 3152 Ὀλυμπίᾳ
974 3069 1057 3142 ἡνίκα
1080 3091 1129 3160 μοι
1154 3067 1226 3140 Ζεὺς

418 3183 507 3248 δῶκεν
529 3191 684 3257 νικῆσαι
707 3187 815 3264 πρῶτον
837 3181 1097 3261 Ὀλυμπιάδα

419 3293 516 3368 ἵπποις
538 3294 714 3376 άάλοφάροις·
739 3297 771 3360 πὸ
794 3296 826 3360 δὲ
848 3295 974 3374 δεύτερον
996 3289 1075 3366 αὖθις
1098 3289 1207 3375 ἐφεξῆς

419 3406 526 3488 ἵπποις,
549 3408 606 3482 υἱὸς
628 3407 654 3473 δ’
683 3403 716 3483 ἦν
739 3409 865 3490 Τρωΐλος
888 3407 1045 3472 Ἀλκινόου.

287 3521 392 3586 Prima
414 3522 542 3587 victoria
564 3531 612 3586 est
634 3519 757 3608 Olymp.
782 3519 853 3586 CII.

332 3633 649 3714 ξυμβάλλεοάαι.
684 3635 730 3699 De
765 3634 1002 3722 probuleomste
1038 3634 1295 3699 communicando
1329 3655 1399 3698 cum

289 3747 404 3834 populo
434 3754 576 3814 constans
606 3749 637 3812 in
662 3748 793 3813 decretis
817 3747 933 3812 Atticis
956 3747 1089 3811 formula
1112 3755 1159 3810 est
1181 3747 1301 3824 γνώμην
1323 3742 1400 3823 ξυμ-

289 3859 456 3940 βάλλεοάαι
478 3868 531 3935 τῆς
554 3861 664 3940 βουλῆς
685 3861 724 3934 εἰς
746 3861 795 3926 πον
816 3860 918 3938 δῆμον.

334 3972 400 4050 ξύν
434 3995 490 4060 pro
525 3974 591 4039 οὐν
622 3982 799 4040 constanter
830 3981 1000 4060 usurpetur
1034 3971 1194 4056 usquead
1217 3969 1268 4035 Ol.
1294 3974 1346 4049 92,
1371 3974 1401 4050 3,

289 4110 308 4151 a
342 4109 404 4171 quo
437 4086 510 4151 inde
545 4095 683 4173 ternpore
715 4087 817 4174 coepit
841 4085 1040 4166 obsolescere,
1064 4087 1108 4150 ita
1132 4091 1170 4148 nt
1192 4084 1265 4149 inde
1287 4082 1326 4149 ab
1350 4083 1402 4149 (ll.

291 4205 343 4282 90,
377 4204 406 4278 2,
438 4222 501 4264 non
532 4200 590 4264 nisi
614 4202 767 4265 rarissime
790 4209 945 4286 appareat,
970 4221 1033 4264 uno
1057 4206 1185 4284 excepto
1209 4197 1301 4262 verbo
1325 4193 1402 4275 ξυμ-

203 4375 204 4382 ,
291 4299 455 4392 βάλλεσθαι
478 4314 510 4377 in
535 4312 650 4377 tradite
674 4313 806 4378 formula
828 4311 1055 4392 ξυμβάλλεοάαι
1075 4314 1204 4391 ννάμνρν.
1220 4309 1267 4375 Ol.
1281 4309 1401 4374 Weckl.

294 4449 324 4511 p.
350 4431 401 4490 57.
