<?xml version="1.0" encoding="UTF-8"?>
<!DOCTYPE html PUBLIC "-//W3C//DTD XHTML 1.0 Transitional//EN"
    "http://www.w3.org/TR/xhtml1/DTD/xhtml1-transitional.dtd">
<html xmlns="http://www.w3.org/1999/xhtml" xml:lang="en" lang="en">
 <head>
  <title>
</title>
<meta http-equiv="Content-Type" content="text/html;charset=utf-8" />
  <meta name='ocr-system' content='tesseract 3.04.00' />
  <meta name='ocr-capabilities' content='ocr_page ocr_carea ocr_par ocr_line ocrx_word'/>
</head>
<body>
  <div class='ocr_page' id='page_1' title='image "./lapidumdedialec01herwgoog_0045.png"; bbox 0 0 3476 5142; ppageno 0'>
   <div class='ocr_carea' id='block_1_1' title="bbox 891 607 932 670">
    <p class='ocr_par' dir='ltr' id='par_1_1' title="bbox 891 607 932 670">
     <span class='ocr_line' id='line_1_1' title="bbox 891 607 932 670; baseline 0 0"><span class='ocrx_word' id='word_1_1' title='bbox 891 607 932 670; x_wconf 82' lang='grc'><strong>66</strong></span> 
     </span>
    </p>
   </div>
   <div class='ocr_carea' id='block_1_2' title="bbox 355 790 1474 2583">
    <p class='ocr_par' dir='ltr' id='par_1_2' title="bbox 356 790 1474 990">
     <span class='ocr_line' id='line_1_2' title="bbox 356 790 1474 883; baseline 0.008 -30"><span class='ocrx_word' id='word_1_2' title='bbox 356 790 479 877; x_wconf 91' lang='lat' dir='ltr'><strong>phanus</strong></span> <span class='ocrx_word' id='word_1_3' title='bbox 509 797 667 877; x_wconf 87' lang='lat' dir='ltr'><strong>praeterea</strong></span> <span class='ocrx_word' id='word_1_4' title='bbox 696 791 784 856; x_wconf 86' lang='lat' dir='ltr'><strong>affert</strong></span> <span class='ocrx_word' id='word_1_5' title='bbox 815 791 1006 874; x_wconf 76' lang='grc' dir='ltr'><strong><em>Στρέψιος</em></strong></span> <span class='ocrx_word' id='word_1_6' title='bbox 1037 801 1070 859; x_wconf 89' lang='lat' dir='ltr'><strong>et</strong></span> <span class='ocrx_word' id='word_1_7' title='bbox 1100 795 1368 878; x_wconf 79' lang='grc' dir='ltr'><strong><em>Στρεψιοινός,</em></strong></span> <span class='ocrx_word' id='word_1_8' title='bbox 1393 819 1474 883; x_wconf 89' lang='lat' dir='ltr'><strong>quas</strong></span> 
     </span>
     <span class='ocr_line' id='line_1_3' title="bbox 356 905 788 990; baseline 0.005 -21"><span class='ocrx_word' id='word_1_9' title='bbox 356 905 525 980; x_wconf 67' lang='lat' dir='ltr'><strong>recentiora</strong></span> <span class='ocrx_word' id='word_1_10' title='bbox 546 927 611 970; x_wconf 88' lang='lat' dir='ltr'><strong>esse</strong></span> <span class='ocrx_word' id='word_1_11' title='bbox 639 906 788 990; x_wconf 88' lang='lat' dir='ltr'><strong>suspicor.</strong></span> 
     </span>
    </p>

    <p class='ocr_par' dir='ltr' id='par_1_3' title="bbox 357 1018 1473 1208">
     <span class='ocr_line' id='line_1_4' title="bbox 401 1018 1473 1109; baseline 0.007 -27"><span class='ocrx_word' id='word_1_12' title='bbox 401 1025 572 1096; x_wconf 79' lang='grc' dir='ltr'><strong><em>Συμοιῖοι</em></strong></span> <span class='ocrx_word' id='word_1_13' title='bbox 602 1018 620 1083; x_wconf 93' lang='grc' dir='ltr'>Ι</span> <span class='ocrx_word' id='word_1_14' title='bbox 652 1021 703 1084; x_wconf 83' lang='grc'><strong>67.</strong></span> <span class='ocrx_word' id='word_1_15' title='bbox 737 1021 800 1084; x_wconf 75' lang='grc'><strong>266</strong></span> <span class='ocrx_word' id='word_1_16' title='bbox 820 1041 867 1104; x_wconf 86' lang='lat' dir='ltr'><strong>sq.</strong></span> <span class='ocrx_word' id='word_1_17' title='bbox 899 1023 961 1084; x_wconf 81' lang='grc'><strong>256</strong></span> <span class='ocrx_word' id='word_1_18' title='bbox 982 1043 1027 1105; x_wconf 87' lang='lat' dir='ltr'><strong>sq.</strong></span> <span class='ocrx_word' id='word_1_19' title='bbox 1057 1021 1233 1108; x_wconf 77' lang='lat' dir='ltr'><strong>Stephanus</strong></span> <span class='ocrx_word' id='word_1_20' title='bbox 1256 1024 1384 1109; x_wconf 79' lang='lat' dir='ltr'><strong>insuper</strong></span> <span class='ocrx_word' id='word_1_21' title='bbox 1406 1034 1473 1089; x_wconf 82' lang='grc' dir='ltr'><strong>Συ-</strong></span> 
     </span>
     <span class='ocr_line' id='line_1_5' title="bbox 357 1129 702 1208; baseline 0.003 -14"><span class='ocrx_word' id='word_1_22' title='bbox 357 1129 452 1208; x_wconf 68' lang='lat' dir='ltr'><strong>poeria</strong></span> <span class='ocrx_word' id='word_1_23' title='bbox 474 1138 702 1196; x_wconf 78' lang='lat' dir='ltr'><strong>commemorat.</strong></span> 
     </span>
    </p>

    <p class='ocr_par' dir='ltr' id='par_1_4' title="bbox 356 1245 1473 1553">
     <span class='ocr_line' id='line_1_6' title="bbox 401 1245 1473 1336; baseline 0.007 -27"><span class='ocrx_word' id='word_1_24' title='bbox 401 1245 602 1324; x_wconf 70' lang='grc' dir='ltr'><strong><em>Σφήττιος</em></strong></span> <span class='ocrx_word' id='word_1_25' title='bbox 636 1247 653 1310; x_wconf 94' lang='grc' dir='ltr'>Ι</span> <span class='ocrx_word' id='word_1_26' title='bbox 690 1247 763 1310; x_wconf 86' lang='lat'><strong>188.</strong></span> <span class='ocrx_word' id='word_1_27' title='bbox 797 1249 858 1312; x_wconf 78' lang='lat' dir='ltr'><strong>atr</strong></span> <span class='ocrx_word' id='word_1_28' title='bbox 887 1253 923 1311; x_wconf 87' lang='lat' dir='ltr'><strong>et</strong></span> <span class='ocrx_word' id='word_1_29' title='bbox 954 1247 1028 1312; x_wconf 89' lang='lat' dir='ltr'><strong>alibi</strong></span> <span class='ocrx_word' id='word_1_30' title='bbox 1058 1257 1247 1315; x_wconf 76' lang='lat' dir='ltr'><strong>constanter.</strong></span> <span class='ocrx_word' id='word_1_31' title='bbox 1277 1252 1327 1315; x_wconf 93' lang='lat' dir='ltr'><strong>Ita</strong></span> <span class='ocrx_word' id='word_1_32' title='bbox 1350 1273 1473 1336; x_wconf 88' lang='lat' dir='ltr'><strong>qnoque</strong></span> 
     </span>
     <span class='ocr_line' id='line_1_7' title="bbox 357 1357 1473 1447; baseline 0.006 -25"><span class='ocrx_word' id='word_1_33' title='bbox 357 1357 533 1441; x_wconf 88' lang='lat' dir='ltr'><strong>Stephanus</strong></span> <span class='ocrx_word' id='word_1_34' title='bbox 564 1381 588 1421; x_wconf 89' lang='lat' dir='ltr'><strong>s.</strong></span> <span class='ocrx_word' id='word_1_35' title='bbox 612 1381 640 1422; x_wconf 86' lang='lat' dir='ltr'><strong>v.</strong></span> <span class='ocrx_word' id='word_1_36' title='bbox 663 1357 860 1440; x_wconf 79' lang='grc' dir='ltr'><strong><em>ΣΦιιττός.</em></strong></span> <span class='ocrx_word' id='word_1_37' title='bbox 888 1359 993 1442; x_wconf 76' lang='lat' dir='ltr'><strong>Quare</strong></span> <span class='ocrx_word' id='word_1_38' title='bbox 1016 1361 1168 1447; x_wconf 82' lang='lat' dir='ltr'><strong>lapicidae</strong></span> <span class='ocrx_word' id='word_1_39' title='bbox 1190 1362 1327 1445; x_wconf 56' lang='lat' dir='ltr'><strong>rosata</strong></span> <span class='ocrx_word' id='word_1_40' title='bbox 1349 1364 1473 1429; x_wconf 86' lang='lat' dir='ltr'><strong>videtur</strong></span> 
     </span>
     <span class='ocr_line' id='line_1_8' title="bbox 356 1471 707 1553; baseline -0.003 -17"><span class='ocrx_word' id='word_1_41' title='bbox 356 1474 533 1553; x_wconf 73' lang='grc' dir='ltr'><strong><em>Σφήτιος</em></strong></span> <span class='ocrx_word' id='word_1_42' title='bbox 555 1471 609 1537; x_wconf 91' lang='lat' dir='ltr'><strong>III</strong></span> <span class='ocrx_word' id='word_1_43' title='bbox 635 1475 707 1536; x_wconf 83' lang='lat'><strong>136.</strong></span> 
     </span>
    </p>

    <p class='ocr_par' dir='ltr' id='par_1_5' title="bbox 357 1585 1472 2013">
     <span class='ocr_line' id='line_1_9' title="bbox 401 1585 1472 1681; baseline 0.005 -31"><span class='ocrx_word' id='word_1_44' title='bbox 401 1585 631 1681; x_wconf 67' lang='lat' dir='ltr'><strong>Tfrtpcloros</strong></span> <span class='ocrx_word' id='word_1_45' title='bbox 655 1585 672 1649; x_wconf 92' lang='lat' dir='ltr'>I</span> <span class='ocrx_word' id='word_1_46' title='bbox 698 1587 770 1652; x_wconf 73' lang='lat'><strong>1¹19.</strong></span> <span class='ocrx_word' id='word_1_47' title='bbox 796 1588 870 1650; x_wconf 89' lang='grc'><strong>292.</strong></span> <span class='ocrx_word' id='word_1_48' title='bbox 895 1586 932 1651; x_wconf 96' lang='lat' dir='ltr'><strong>Il</strong></span> <span class='ocrx_word' id='word_1_49' title='bbox 956 1591 1031 1653; x_wconf 86' lang='grc'><strong>329.</strong></span> <span class='ocrx_word' id='word_1_50' title='bbox 1056 1588 1091 1654; x_wconf 90' lang='lat' dir='ltr'><strong>ll</strong></span> <span class='ocrx_word' id='word_1_51' title='bbox 1111 1593 1173 1654; x_wconf 84' lang='grc'><strong>612</strong></span> <span class='ocrx_word' id='word_1_52' title='bbox 1192 1593 1230 1674; x_wconf 92' lang='lat' dir='ltr'><strong>(a.</strong></span> <span class='ocrx_word' id='word_1_53' title='bbox 1252 1591 1353 1677; x_wconf 62' lang='lat' dir='ltr'><strong>acels</strong></span> <span class='ocrx_word' id='word_1_54' title='bbox 1371 1613 1398 1654; x_wconf 91' lang='lat' dir='ltr'><strong>a.</strong></span> <span class='ocrx_word' id='word_1_55' title='bbox 1412 1590 1472 1676; x_wconf 82' lang='grc'><strong>0.),</strong></span> 
     </span>
     <span class='ocr_line' id='line_1_10' title="bbox 357 1675 1472 1788; baseline 0.004 -24"><span class='ocrx_word' id='word_1_56' title='bbox 357 1705 388 1764; x_wconf 90' lang='lat' dir='ltr'><strong>et</strong></span> <span class='ocrx_word' id='word_1_57' title='bbox 398 1675 491 1764; x_wconf 61' lang='lat' dir='ltr'><strong>,alibi</strong></span> <span class='ocrx_word' id='word_1_58' title='bbox 524 1705 702 1764; x_wconf 83' lang='lat' dir='ltr'><strong>constanter</strong></span> <span class='ocrx_word' id='word_1_59' title='bbox 731 1721 786 1786; x_wconf 89' lang='lat' dir='ltr'><strong>per</strong></span> <span class='ocrx_word' id='word_1_60' title='bbox 804 1681 1047 1788; x_wconf 83' lang='lat' dir='ltr'><strong>diphthongum.</strong></span> <span class='ocrx_word' id='word_1_61' title='bbox 1072 1700 1120 1767; x_wconf 81' lang='lat' dir='ltr'><strong>Ol.</strong></span> <span class='ocrx_word' id='word_1_62' title='bbox 1143 1702 1234 1770; x_wconf 79' lang='lat' dir='ltr'><strong>Tab.</strong></span> <span class='ocrx_word' id='word_1_63' title='bbox 1260 1702 1353 1768; x_wconf 84' lang='lat' dir='ltr'><strong>Nar.</strong></span> <span class='ocrx_word' id='word_1_64' title='bbox 1378 1703 1472 1768; x_wconf 84' lang='lat' dir='ltr'>XVII</span> 
     </span>
     <span class='ocr_line' id='line_1_11' title="bbox 358 1797 1472 1899; baseline 0.006 -22"><span class='ocrx_word' id='word_1_65' title='bbox 358 1816 524 1894; x_wconf 81' lang='lat'>95-100,</span> <span class='ocrx_word' id='word_1_66' title='bbox 555 1835 585 1899; x_wconf 91' lang='lat' dir='ltr'><strong>p.</strong></span> <span class='ocrx_word' id='word_1_67' title='bbox 618 1816 691 1879; x_wconf 83' lang='grc'><strong>668.</strong></span> <span class='ocrx_word' id='word_1_68' title='bbox 726 1813 853 1880; x_wconf 84' lang='lat' dir='ltr'><strong>Codices</strong></span> <span class='ocrx_word' id='word_1_69' title='bbox 883 1797 982 1880; x_wconf 87' lang='lat' dir='ltr'><strong>nostri</strong></span> <span class='ocrx_word' id='word_1_70' title='bbox 1010 1816 1126 1882; x_wconf 87' lang='lat' dir='ltr'><strong>habent</strong></span> <span class='ocrx_word' id='word_1_71' title='bbox 1149 1817 1286 1882; x_wconf 84' lang='lat' dir='ltr'><strong>vocalem</strong></span> <span class='ocrx_word' id='word_1_72' title='bbox 1309 1818 1341 1883; x_wconf 92' lang='lat' dir='ltr'><strong>in</strong></span> <span class='ocrx_word' id='word_1_73' title='bbox 1366 1819 1472 1896; x_wconf 76' lang='grc' dir='ltr'><strong><em>Τίθοοις</em></strong></span> 
     </span>
     <span class='ocr_line' id='line_1_12' title="bbox 357 1925 896 2013; baseline 0.002 -20"><span class='ocrx_word' id='word_1_74' title='bbox 357 1935 390 1993; x_wconf 87' lang='lat' dir='ltr'><strong>et</strong></span> <span class='ocrx_word' id='word_1_75' title='bbox 414 1925 564 2008; x_wconf 76' lang='grc' dir='ltr'><strong><em>Τιοροὶοιος</em></strong></span> <span class='ocrx_word' id='word_1_76' title='bbox 587 1936 620 1993; x_wconf 89' lang='lat' dir='ltr'><strong>et</strong></span> <span class='ocrx_word' id='word_1_77' title='bbox 642 1929 686 1993; x_wconf 89' lang='lat' dir='ltr'><strong>sic</strong></span> <span class='ocrx_word' id='word_1_78' title='bbox 710 1926 896 2013; x_wconf 85' lang='lat' dir='ltr'><strong>Stephanus.</strong></span> 
     </span>
    </p>

    <p class='ocr_par' dir='ltr' id='par_1_6' title="bbox 355 2040 1473 2583">
     <span class='ocr_line' id='line_1_13' title="bbox 401 2040 1470 2136; baseline 0.006 -30"><span class='ocrx_word' id='word_1_79' title='bbox 401 2040 665 2134; x_wconf 57' lang='lat' dir='ltr'><strong>Temarunda,</strong></span> <span class='ocrx_word' id='word_1_80' title='bbox 700 2043 956 2130; x_wconf 45' lang='lat' dir='ltr'><strong>&amp;rechma</strong></span> <span class='ocrx_word' id='word_1_81' title='bbox 988 2045 1168 2136; x_wconf 33' lang='lat' dir='ltr'><strong>Tar-clar,</strong></span> <span class='ocrx_word' id='word_1_82' title='bbox 1201 2047 1470 2128; x_wconf 72' lang='grc' dir='ltr'><strong><em>Τεισὶμοιχος.</em></strong></span> 
     </span>
     <span class='ocr_line' id='line_1_14' title="bbox 356 2136 1471 2246; baseline 0.004 -26"><span class='ocrx_word' id='word_1_83' title='bbox 356 2156 569 2229; x_wconf 76' lang='grc' dir='ltr'><strong><em>Τειοίλιοος</em></strong></span> <span class='ocrx_word' id='word_1_84' title='bbox 593 2163 771 2221; x_wconf 80' lang='lat' dir='ltr'><strong>constanter</strong></span> <span class='ocrx_word' id='word_1_85' title='bbox 790 2157 982 2240; x_wconf 75' lang='lat' dir='ltr'><strong>antiquiores</strong></span> <span class='ocrx_word' id='word_1_86' title='bbox 1001 2136 1088 2222; x_wconf 82' lang='lat' dir='ltr'><strong>tituli</strong></span> <span class='ocrx_word' id='word_1_87' title='bbox 1109 2181 1165 2245; x_wconf 86' lang='lat' dir='ltr'><strong>per</strong></span> <span class='ocrx_word' id='word_1_88' title='bbox 1178 2139 1420 2246; x_wconf 68' lang='lat' dir='ltr'><strong>diphthongum,</strong></span> <span class='ocrx_word' id='word_1_89' title='bbox 1434 2169 1471 2225; x_wconf 90' lang='lat' dir='ltr'><strong>ut</strong></span> 
     </span>
     <span class='ocr_line' id='line_1_15' title="bbox 357 2255 1473 2344; baseline 0.005 -11"><span class='ocrx_word' id='word_1_90' title='bbox 357 2255 483 2334; x_wconf 62' lang='lat' dir='ltr'><strong>verbum</strong></span> <span class='ocrx_word' id='word_1_91' title='bbox 516 2269 656 2335; x_wconf 86' lang='lat' dir='ltr'><strong>scribunt</strong></span> <span class='ocrx_word' id='word_1_92' title='bbox 685 2277 791 2343; x_wconf 83' lang='grc' dir='ltr'><strong><em>τεῖοοιι,</em></strong></span> <span class='ocrx_word' id='word_1_93' title='bbox 823 2271 958 2344; x_wconf 84' lang='grc' dir='ltr'><strong><em>ἕκτεῖσοιι,</em></strong></span> <span class='ocrx_word' id='word_1_94' title='bbox 990 2272 1152 2337; x_wconf 78' lang='grc' dir='ltr'><strong><em>οὶτοτεῖοοιι.</em></strong></span> <span class='ocrx_word' id='word_1_95' title='bbox 1178 2271 1276 2338; x_wconf 87' lang='lat' dir='ltr'><strong>Codd.</strong></span> <span class='ocrx_word' id='word_1_96' title='bbox 1298 2275 1398 2339; x_wconf 85' lang='lat' dir='ltr'><strong>nostri</strong></span> <span class='ocrx_word' id='word_1_97' title='bbox 1422 2273 1473 2339; x_wconf 88' lang='lat' dir='ltr'><strong>ha·</strong></span> 
     </span>
     <span class='ocr_line' id='line_1_16' title="bbox 355 2381 1472 2472; baseline 0.004 -25"><span class='ocrx_word' id='word_1_98' title='bbox 355 2381 427 2447; x_wconf 87' lang='lat' dir='ltr'><strong>bere</strong></span> <span class='ocrx_word' id='word_1_99' title='bbox 446 2383 548 2449; x_wconf 87' lang='lat' dir='ltr'><strong>solent</strong></span> <span class='ocrx_word' id='word_1_100' title='bbox 566 2383 715 2448; x_wconf 85' lang='lat' dir='ltr'><strong>vocalem.</strong></span> <span class='ocrx_word' id='word_1_101' title='bbox 735 2381 901 2448; x_wconf 83' lang='lat' dir='ltr'><strong>Veteribus</strong></span> <span class='ocrx_word' id='word_1_102' title='bbox 919 2385 952 2448; x_wconf 91' lang='lat' dir='ltr'><strong>in</strong></span> <span class='ocrx_word' id='word_1_103' title='bbox 972 2385 1151 2450; x_wconf 89' lang='lat' dir='ltr'><strong>nominibus</strong></span> <span class='ocrx_word' id='word_1_104' title='bbox 1162 2387 1294 2471; x_wconf 89' lang='lat' dir='ltr'><strong>propriis</strong></span> <span class='ocrx_word' id='word_1_105' title='bbox 1306 2387 1472 2472; x_wconf 89' lang='lat' dir='ltr'><strong>diphthon-</strong></span> 
     </span>
     <span class='ocr_line' id='line_1_17' title="bbox 355 2496 1469 2583; baseline 0.002 -21"><span class='ocrx_word' id='word_1_106' title='bbox 355 2519 430 2583; x_wconf 77' lang='lat' dir='ltr'><strong>gum</strong></span> <span class='ocrx_word' id='word_1_107' title='bbox 459 2496 586 2562; x_wconf 85' lang='lat' dir='ltr'><strong>reddere</strong></span> <span class='ocrx_word' id='word_1_108' title='bbox 608 2505 778 2582; x_wconf 88' lang='lat' dir='ltr'><strong>coeperunt</strong></span> <span class='ocrx_word' id='word_1_109' title='bbox 801 2496 944 2578; x_wconf 87' lang='lat' dir='ltr'><strong>editores,</strong></span> <span class='ocrx_word' id='word_1_110' title='bbox 967 2497 1020 2563; x_wconf 87' lang='lat' dir='ltr'><strong>sed</strong></span> <span class='ocrx_word' id='word_1_111' title='bbox 1044 2519 1235 2582; x_wconf 87' lang='lat' dir='ltr'><strong>consequens</strong></span> <span class='ocrx_word' id='word_1_112' title='bbox 1258 2507 1305 2564; x_wconf 89' lang='lat' dir='ltr'><strong>est</strong></span> <span class='ocrx_word' id='word_1_113' title='bbox 1329 2507 1366 2564; x_wconf 89' lang='lat' dir='ltr'><strong>ut</strong></span> <span class='ocrx_word' id='word_1_114' title='bbox 1387 2501 1469 2566; x_wconf 90' lang='lat' dir='ltr'><strong>idem</strong></span> 
     </span>
    </p>
   </div>
   <div class='ocr_carea' id='block_1_3' title="bbox 355 2608 1471 2904">
    <p class='ocr_par' dir='ltr' id='par_1_7' title="bbox 355 2608 1471 2904">
     <span class='ocr_line' id='line_1_18' title="bbox 356 2608 1123 2697; baseline 0.003 -22"><span class='ocrx_word' id='word_1_115' title='bbox 356 2610 506 2676; x_wconf 86' lang='lat' dir='ltr'><strong>iaciamus</strong></span> <span class='ocrx_word' id='word_1_116' title='bbox 529 2610 562 2676; x_wconf 91' lang='lat' dir='ltr'><strong>in</strong></span> <span class='ocrx_word' id='word_1_117' title='bbox 586 2610 689 2676; x_wconf 81' lang='lat' dir='ltr'><strong>verbo.</strong></span> <span class='ocrx_word' id='word_1_118' title='bbox 714 2610 760 2676; x_wconf 79' lang='lat' dir='ltr'><strong>Cf.</strong></span> <span class='ocrx_word' id='word_1_119' title='bbox 785 2633 877 2696; x_wconf 90' lang='lat' dir='ltr'><strong>supra</strong></span> <span class='ocrx_word' id='word_1_120' title='bbox 900 2608 1033 2686; x_wconf 77' lang='grc' dir='ltr'><strong><em>Μειξίιις,</em></strong></span> <span class='ocrx_word' id='word_1_121' title='bbox 1058 2634 1123 2697; x_wconf 85' lang='lat' dir='ltr'><strong>sqq.</strong></span> 
     </span>
     <span class='ocr_line' id='line_1_19' title="bbox 401 2723 1470 2809; baseline 0.002 -21"><span class='ocrx_word' id='word_1_122' title='bbox 401 2729 646 2805; x_wconf 80' lang='grc' dir='ltr'><strong><em>Τειχιοῦττοο</em></strong></span> <span class='ocrx_word' id='word_1_123' title='bbox 669 2723 687 2788; x_wconf 93' lang='grc' dir='ltr'>Ι</span> <span class='ocrx_word' id='word_1_124' title='bbox 710 2725 763 2789; x_wconf 86' lang='grc'><strong>67.</strong></span> <span class='ocrx_word' id='word_1_125' title='bbox 789 2727 862 2787; x_wconf 90' lang='grc'><strong>226.</strong></span> <span class='ocrx_word' id='word_1_126' title='bbox 890 2726 962 2788; x_wconf 83' lang='grc'><strong>251.</strong></span> <span class='ocrx_word' id='word_1_127' title='bbox 989 2727 1062 2789; x_wconf 94' lang='grc'><strong>262.</strong></span> <span class='ocrx_word' id='word_1_128' title='bbox 1089 2727 1162 2788; x_wconf 78' lang='grc'><strong>264.</strong></span> <span class='ocrx_word' id='word_1_129' title='bbox 1183 2724 1359 2809; x_wconf 82' lang='lat' dir='ltr'><strong>Stephanus</strong></span> <span class='ocrx_word' id='word_1_130' title='bbox 1379 2723 1470 2790; x_wconf 87' lang='lat' dir='ltr'><strong>hahet</strong></span> 
     </span>
     <span class='ocr_line' id='line_1_20' title="bbox 355 2835 1471 2904; baseline 0.002 -3"><span class='ocrx_word' id='word_1_131' title='bbox 355 2835 496 2901; x_wconf 82' lang='lat' dir='ltr'><strong>Ionicum</strong></span> <span class='ocrx_word' id='word_1_132' title='bbox 521 2837 648 2901; x_wconf 81' lang='lat' dir='ltr'><strong>formam</strong></span> <span class='ocrx_word' id='word_1_133' title='bbox 673 2859 736 2901; x_wconf 86' lang='lat' dir='ltr'><strong>non</strong></span> <span class='ocrx_word' id='word_1_134' title='bbox 760 2843 959 2902; x_wconf 89' lang='lat' dir='ltr'><strong>contractam.</strong></span> <span class='ocrx_word' id='word_1_135' title='bbox 983 2836 1010 2900; x_wconf 78' lang='lat' dir='ltr'><strong>E</strong></span> <span class='ocrx_word' id='word_1_136' title='bbox 1034 2837 1136 2902; x_wconf 88' lang='lat' dir='ltr'><strong>titulis</strong></span> <span class='ocrx_word' id='word_1_137' title='bbox 1159 2845 1278 2902; x_wconf 89' lang='lat' dir='ltr'><strong>constat</strong></span> <span class='ocrx_word' id='word_1_138' title='bbox 1301 2839 1334 2902; x_wconf 94' lang='lat' dir='ltr'><strong>in</strong></span> <span class='ocrx_word' id='word_1_139' title='bbox 1354 2838 1471 2904; x_wconf 89' lang='lat' dir='ltr'><strong>talibus</strong></span> 
     </span>
    </p>
   </div>
   <div class='ocr_carea' id='block_1_4' title="bbox 355 2951 1471 3374">
    <p class='ocr_par' dir='ltr' id='par_1_8' title="bbox 356 2951 1469 3037">
     <span class='ocr_line' id='line_1_21' title="bbox 356 2951 1469 3037; baseline 0 -21"><span class='ocrx_word' id='word_1_140' title='bbox 356 2973 434 3037; x_wconf 88' lang='lat' dir='ltr'><strong>opus</strong></span> <span class='ocrx_word' id='word_1_141' title='bbox 456 2973 521 3016; x_wconf 87' lang='lat' dir='ltr'><strong>esse</strong></span> <span class='ocrx_word' id='word_1_142' title='bbox 545 2951 662 3036; x_wconf 90' lang='lat' dir='ltr'><strong>duplici</strong></span> <span class='ocrx_word' id='word_1_143' title='bbox 686 2951 835 3026; x_wconf 85' lang='lat' dir='ltr'><strong>sibilanti,</strong></span> <span class='ocrx_word' id='word_1_144' title='bbox 856 2973 917 3036; x_wconf 90' lang='lat' dir='ltr'><strong>qua</strong></span> <span class='ocrx_word' id='word_1_145' title='bbox 940 2951 971 3014; x_wconf 92' lang='lat' dir='ltr'><strong>in</strong></span> <span class='ocrx_word' id='word_1_146' title='bbox 995 2974 1034 3026; x_wconf 64' lang='lat' dir='ltr'><strong>re,</strong></span> <span class='ocrx_word' id='word_1_147' title='bbox 1047 2972 1137 3036; x_wconf 87' lang='lat' dir='ltr'><strong>saepe</strong></span> <span class='ocrx_word' id='word_1_148' title='bbox 1154 2957 1323 3037; x_wconf 86' lang='lat' dir='ltr'><strong>peccarunt</strong></span> <span class='ocrx_word' id='word_1_149' title='bbox 1341 2951 1469 3017; x_wconf 90' lang='lat' dir='ltr'><strong>librarii.</strong></span> 
     </span>
    </p>

    <p class='ocr_par' dir='ltr' id='par_1_9' title="bbox 355 3063 1471 3374">
     <span class='ocr_line' id='line_1_22' title="bbox 400 3063 1471 3160; baseline 0.001 -31"><span class='ocrx_word' id='word_1_150' title='bbox 400 3065 671 3160; x_wconf 42' lang='grc' dir='ltr'><strong><em>Τελ-εμήττιοι</em></strong></span> <span class='ocrx_word' id='word_1_151' title='bbox 693 3065 710 3129; x_wconf 92' lang='grc' dir='ltr'>Ι</span> <span class='ocrx_word' id='word_1_152' title='bbox 733 3066 785 3131; x_wconf 79' lang='grc'><strong>67.</strong></span> <span class='ocrx_word' id='word_1_153' title='bbox 811 3067 887 3128; x_wconf 67' lang='grc'><strong>266.</strong></span> <span class='ocrx_word' id='word_1_154' title='bbox 910 3063 1017 3150; x_wconf 87' lang='lat' dir='ltr'><strong>Steph.</strong></span> <span class='ocrx_word' id='word_1_155' title='bbox 1041 3067 1113 3150; x_wconf 81' lang='lat' dir='ltr'><strong>Bya.</strong></span> <span class='ocrx_word' id='word_1_156' title='bbox 1137 3064 1372 3143; x_wconf 76' lang='grc' dir='ltr'><strong><em>Τελμηοτός</em></strong></span> <span class='ocrx_word' id='word_1_157' title='bbox 1394 3066 1471 3130; x_wconf 74' lang='lat' dir='ltr'><strong>-l</strong></span> 
     </span>
     <span class='ocr_line' id='line_1_23' title="bbox 355 3159 1470 3260; baseline 0.002 -17"><span class='ocrx_word' id='word_1_158' title='bbox 355 3179 477 3253; x_wconf 74' lang='grc' dir='ltr'><strong><em>πολίτης</em></strong></span> <span class='ocrx_word' id='word_1_159' title='bbox 499 3159 769 3257; x_wconf 59' lang='grc' dir='ltr'><strong>Τελμισσεύς.</strong></span> <span class='ocrx_word' id='word_1_160' title='bbox 791 3178 843 3243; x_wconf 77' lang='lat' dir='ltr'><strong>acl</strong></span> <span class='ocrx_word' id='word_1_161' title='bbox 863 3179 964 3260; x_wconf 69' lang='grc' dir='ltr'><strong><em>δρᾶμα</em></strong></span> <span class='ocrx_word' id='word_1_162' title='bbox 982 3177 1470 3260; x_wconf 72' lang='grc' dir='ltr'><strong><em>ἈοιτοφοέιουςΤελμιιοτοῖς.</em></strong></span> 
     </span>
     <span class='ocr_line' id='line_1_24' title="bbox 356 3290 1469 3374; baseline 0.001 -18"><span class='ocrx_word' id='word_1_163' title='bbox 356 3290 551 3370; x_wconf 71' lang='grc' dir='ltr'><strong><em>λέγεταικαὶ</em></strong></span> <span class='ocrx_word' id='word_1_164' title='bbox 575 3291 825 3374; x_wconf 75' lang='grc' dir='ltr'><strong><em>τετροιτολλάβιος</em></strong></span> <span class='ocrx_word' id='word_1_165' title='bbox 848 3298 1143 3369; x_wconf 75' lang='grc' dir='ltr'><strong><em>Τελεμηττεῖς,</em></strong></span> <span class='ocrx_word' id='word_1_166' title='bbox 1168 3293 1205 3364; x_wconf 74' lang='grc' dir='ltr'><strong>ὡς</strong></span> <span class='ocrx_word' id='word_1_167' title='bbox 1227 3291 1316 3364; x_wconf 79' lang='grc' dir='ltr'><strong><em>ιιῦτὸς</em></strong></span> <span class='ocrx_word' id='word_1_168' title='bbox 1336 3292 1366 3355; x_wconf 82' lang='grc' dir='ltr'><strong>ἕν</strong></span> <span class='ocrx_word' id='word_1_169' title='bbox 1389 3292 1469 3372; x_wconf 74' lang='grc' dir='ltr'><strong><em>αὐτῷ</em></strong></span> 
     </span>
    </p>
   </div>
   <div class='ocr_carea' id='block_1_5' title="bbox 356 3434 1472 4280">
    <p class='ocr_par' dir='ltr' id='par_1_10' title="bbox 356 3434 1472 4280">
     <span class='ocr_line' id='line_1_25' title="bbox 467 3434 1371 3518; baseline -0.001 -13"><span class='ocrx_word' id='word_1_170' title='bbox 467 3445 529 3514; x_wconf 79' lang='grc' dir='ltr'><strong>πῶς</strong></span> <span class='ocrx_word' id='word_1_171' title='bbox 551 3439 587 3506; x_wconf 76' lang='grc' dir='ltr'><strong>ἄν</strong></span> <span class='ocrx_word' id='word_1_172' title='bbox 609 3464 654 3513; x_wconf 82' lang='grc' dir='ltr'><strong>τις</strong></span> <span class='ocrx_word' id='word_1_173' title='bbox 676 3440 712 3506; x_wconf 75' lang='lat' dir='ltr'><strong>hv</strong></span> <span class='ocrx_word' id='word_1_174' title='bbox 735 3434 780 3506; x_wconf 77' lang='lat' dir='ltr'><strong>oda</strong></span> <span class='ocrx_word' id='word_1_175' title='bbox 803 3442 819 3516; x_wconf 77' lang='grc' dir='ltr'>ἢ</span> <span class='ocrx_word' id='word_1_176' title='bbox 843 3442 874 3507; x_wconf 86' lang='grc' dir='ltr'><strong>τι’</strong></span> <span class='ocrx_word' id='word_1_177' title='bbox 894 3441 1017 3518; x_wconf 73' lang='grc' dir='ltr'><strong><em>ποιήσοις</em></strong></span> <span class='ocrx_word' id='word_1_178' title='bbox 1041 3435 1062 3504; x_wconf 77' lang='grc' dir='ltr'><em>ὦ</em></span> <span class='ocrx_word' id='word_1_179' title='bbox 1087 3447 1371 3518; x_wconf 53' lang='lat' dir='ltr'><strong>Terrenorum</strong></span> 
     </span>
     <span class='ocr_line' id='line_1_26' title="bbox 356 3575 521 3643; baseline -0.012 0"><span class='ocrx_word' id='word_1_180' title='bbox 356 3576 407 3643; x_wconf 74' lang='lat' dir='ltr'><strong>aa}</strong></span> <span class='ocrx_word' id='word_1_181' title='bbox 431 3575 521 3643; x_wconf 78' lang='grc' dir='ltr'><strong><em>πιὶλιι</em></strong></span> 
     </span>
     <span class='ocr_line' id='line_1_27' title="bbox 467 3715 1327 3799; baseline 0 -19"><span class='ocrx_word' id='word_1_182' title='bbox 467 3716 538 3799; x_wconf 75' lang='grc' dir='ltr'><em>Φέρε</em></span> <span class='ocrx_word' id='word_1_183' title='bbox 560 3717 595 3791; x_wconf 70' lang='lat' dir='ltr'><strong>hh</strong></span> <span class='ocrx_word' id='word_1_184' title='bbox 617 3716 717 3792; x_wconf 79' lang='grc' dir='ltr'><strong><em>τοίνυν,</em></strong></span> <span class='ocrx_word' id='word_1_185' title='bbox 741 3716 824 3782; x_wconf 78' lang='grc' dir='ltr'><strong><em>τοῦθ’</em></strong></span> <span class='ocrx_word' id='word_1_186' title='bbox 854 3715 925 3782; x_wconf 72' lang='lat' dir='ltr'><strong>trau</strong></span> <span class='ocrx_word' id='word_1_187' title='bbox 948 3715 1024 3798; x_wconf 69' lang='lat' dir='ltr'><strong>data,</strong></span> <span class='ocrx_word' id='word_1_188' title='bbox 1050 3715 1080 3781; x_wconf 76' lang='grc' dir='ltr'><strong>τί</strong></span> <span class='ocrx_word' id='word_1_189' title='bbox 1100 3723 1189 3782; x_wconf 79' lang='grc' dir='ltr'><strong><em>ποιεῖν</em></strong></span> <span class='ocrx_word' id='word_1_190' title='bbox 1211 3715 1270 3796; x_wconf 73' lang='grc' dir='ltr'><strong>χρή</strong></span> <span class='ocrx_word' id='word_1_191' title='bbox 1293 3715 1327 3793; x_wconf 87' lang='grc' dir='ltr'><strong>μ’</strong></span> 
     </span>
     <span class='ocr_line' id='line_1_28' title="bbox 947 3825 1252 3908; baseline -0.007 -14"><span class='ocrx_word' id='word_1_192' title='bbox 947 3825 1252 3908; x_wconf 77' lang='grc' dir='ltr'><strong><em>ὦΤελεμιιτοῆς</em></strong></span> 
     </span>
     <span class='ocr_line' id='line_1_29' title="bbox 357 3965 1472 4045; baseline -0.002 -14"><span class='ocrx_word' id='word_1_193' title='bbox 357 4002 402 4015; x_wconf 91' lang='grc'>-</span> <span class='ocrx_word' id='word_1_194' title='bbox 424 3968 457 4033; x_wconf 83' lang='grc' dir='ltr'><strong>τὸ</strong></span> <span class='ocrx_word' id='word_1_195' title='bbox 480 3967 599 4043; x_wconf 72' lang='grc' dir='ltr'><strong>θηλυκὸν</strong></span> <span class='ocrx_word' id='word_1_196' title='bbox 623 3967 855 4045; x_wconf 64' lang='lat' dir='ltr'><strong>Terraneola</strong></span> <span class='ocrx_word' id='word_1_197' title='bbox 877 3969 915 4040; x_wconf 79' lang='grc' dir='ltr'><strong>ὥς</strong></span> <span class='ocrx_word' id='word_1_198' title='bbox 937 3966 1056 4044; x_wconf 65' lang='lat' dir='ltr'><strong>limatis</strong></span> <span class='ocrx_word' id='word_1_199' title='bbox 1078 3965 1130 4031; x_wconf 79' lang='grc' dir='ltr'><strong><em>ιιιιὶ</em></strong></span> <span class='ocrx_word' id='word_1_200' title='bbox 1155 3965 1415 4044; x_wconf 61' lang='lat' dir='ltr'><strong>Transfertur</strong></span> <span class='ocrx_word' id='word_1_201' title='bbox 1434 3965 1472 4038; x_wconf 76' lang='grc' dir='ltr'><strong>ὥς</strong></span> 
     </span>
     <span class='ocr_line' id='line_1_30' title="bbox 358 4076 1472 4163; baseline -0.004 -17"><span class='ocrx_word' id='word_1_202' title='bbox 358 4081 542 4163; x_wconf 56' lang='lat' dir='ltr'><strong>deprecarer,</strong></span> <span class='ocrx_word' id='word_1_203' title='bbox 575 4079 627 4147; x_wconf 77' lang='grc' dir='ltr'><strong><em>κοιὶ</em></strong></span> <span class='ocrx_word' id='word_1_204' title='bbox 658 4079 777 4157; x_wconf 71' lang='grc' dir='ltr'><strong>θηλυκόν</strong></span> <span class='ocrx_word' id='word_1_205' title='bbox 809 4079 1068 4159; x_wconf 71' lang='grc' dir='ltr'><strong><em>Τελμηοσίοις</em></strong></span> <span class='ocrx_word' id='word_1_206' title='bbox 1097 4080 1157 4146; x_wconf 72' lang='lat' dir='ltr'><strong>ari.</strong></span> <span class='ocrx_word' id='word_1_207' title='bbox 1189 4080 1227 4144; x_wconf 91' lang='lat' dir='ltr'><strong>In</strong></span> <span class='ocrx_word' id='word_1_208' title='bbox 1258 4079 1306 4144; x_wconf 83' lang='lat' dir='ltr'><strong>hia</strong></span> <span class='ocrx_word' id='word_1_209' title='bbox 1328 4076 1472 4144; x_wconf 89' lang='lat' dir='ltr'><strong>omnibns</strong></span> 
     </span>
     <span class='ocr_line' id='line_1_31' title="bbox 357 4191 1469 4280; baseline -0.005 -20"><span class='ocrx_word' id='word_1_210' title='bbox 357 4193 478 4260; x_wconf 88' lang='lat' dir='ltr'><strong>librarii</strong></span> <span class='ocrx_word' id='word_1_211' title='bbox 513 4217 596 4260; x_wconf 89' lang='lat' dir='ltr'><strong>more</strong></span> <span class='ocrx_word' id='word_1_212' title='bbox 629 4216 686 4260; x_wconf 84' lang='lat' dir='ltr'><strong>suo</strong></span> <span class='ocrx_word' id='word_1_213' title='bbox 718 4203 745 4260; x_wconf 86' lang='lat' dir='ltr'>H</span> <span class='ocrx_word' id='word_1_214' title='bbox 780 4193 984 4280; x_wconf 84' lang='lat' dir='ltr'><strong>depravarant</strong></span> <span class='ocrx_word' id='word_1_215' title='bbox 1012 4194 1045 4258; x_wconf 91' lang='lat' dir='ltr'><strong>in</strong></span> <span class='ocrx_word' id='word_1_216' title='bbox 1074 4203 1103 4267; x_wconf 89' lang='lat'><strong>1,</strong></span> <span class='ocrx_word' id='word_1_217' title='bbox 1126 4215 1166 4257; x_wconf 89' lang='lat' dir='ltr'><strong>ne</strong></span> <span class='ocrx_word' id='word_1_218' title='bbox 1190 4191 1323 4258; x_wconf 88' lang='lat' dir='ltr'><strong>scribere</strong></span> <span class='ocrx_word' id='word_1_219' title='bbox 1344 4191 1469 4274; x_wconf 89' lang='lat' dir='ltr'><strong>quidem</strong></span> 
     </span>
    </p>
   </div>
   <div class='ocr_carea' id='block_1_6' title="bbox 355 4303 1473 4506">
    <p class='ocr_par' dir='ltr' id='par_1_11' title="bbox 355 4303 1473 4506">
     <span class='ocr_line' id='line_1_32' title="bbox 355 4303 1473 4389; baseline -0.005 -16"><span class='ocrx_word' id='word_1_220' title='bbox 355 4307 592 4374; x_wconf 85' lang='lat' dir='ltr'><strong>relormidantes</strong></span> <span class='ocrx_word' id='word_1_221' title='bbox 613 4305 665 4372; x_wconf 77' lang='grc' dir='ltr'><strong><em>κοιὶ</em></strong></span> <span class='ocrx_word' id='word_1_222' title='bbox 688 4307 868 4386; x_wconf 73' lang='grc' dir='ltr'><strong><em>Τελμίτσιος</em></strong></span> <span class='ocrx_word' id='word_1_223' title='bbox 890 4307 927 4379; x_wconf 79' lang='grc' dir='ltr'><strong>ὥς</strong></span> <span class='ocrx_word' id='word_1_224' title='bbox 950 4305 1135 4388; x_wconf 62' lang='lat' dir='ltr'><strong>deprehensos,</strong></span> <span class='ocrx_word' id='word_1_225' title='bbox 1159 4305 1213 4370; x_wconf 88' lang='lat' dir='ltr'><strong>scd</strong></span> <span class='ocrx_word' id='word_1_226' title='bbox 1235 4325 1321 4370; x_wconf 85' lang='lat' dir='ltr'><strong>raras</strong></span> <span class='ocrx_word' id='word_1_227' title='bbox 1339 4303 1473 4389; x_wconf 89' lang='lat' dir='ltr'><strong>scriptu·</strong></span> 
     </span>
     <span class='ocr_line' id='line_1_33' title="bbox 358 4418 1470 4506; baseline -0.005 -18"><span class='ocrx_word' id='word_1_228' title='bbox 358 4443 408 4488; x_wconf 85' lang='lat' dir='ltr'><strong>ras</strong></span> <span class='ocrx_word' id='word_1_229' title='bbox 437 4421 590 4488; x_wconf 83' lang='lat' dir='ltr'><strong>revocavit</strong></span> <span class='ocrx_word' id='word_1_230' title='bbox 618 4420 804 4487; x_wconf 84' lang='lat' dir='ltr'><strong>Meiuekius.</strong></span> <span class='ocrx_word' id='word_1_231' title='bbox 836 4419 1054 4506; x_wconf 86' lang='lat' dir='ltr'><strong>Antiquiorem</strong></span> <span class='ocrx_word' id='word_1_232' title='bbox 1076 4418 1293 4484; x_wconf 75' lang='lat' dir='ltr'><strong>sessionnem</strong></span> <span class='ocrx_word' id='word_1_233' title='bbox 1316 4437 1379 4492; x_wconf 82' lang='lat' dir='ltr'><strong>non</strong></span> <span class='ocrx_word' id='word_1_234' title='bbox 1401 4437 1470 4502; x_wconf 75' lang='lat' dir='ltr'><strong>syn·</strong></span> 
     </span>
    </p>
   </div>
   <div class='ocr_carea' id='block_1_7' title="bbox 0 0 1742 5142">
    <p class='ocr_par' dir='ltr' id='par_1_12' title="bbox 0 0 1742 5142">
     <span class='ocr_line' id='line_1_34' title="bbox 0 0 1742 5142; baseline 0 0"><span class='ocrx_word' id='word_1_235' title='bbox 0 0 1742 5142; x_wconf 95' lang='lat' dir='ltr'><strong> </strong></span> 
     </span>
    </p>
   </div>
  </div>
 </body>
</html>
