3476 5142
838 583 908 646 32·

305 781 352 839 est
376 771 552 857 Stephanus
571 777 633 835 tam
654 768 845 834 incredibilis
868 766 943 832 mihi
956 767 1092 845 videtur,
1106 766 1303 853 utsuspicari
1316 767 1421 832 malim

305 885 430 970 gravius
460 883 512 948 hic
535 906 552 947 a
576 882 683 947 scribis
707 881 870 946 turbatum
893 903 959 947 esse
984 889 1016 946 at
1039 887 1095 946 aut
1119 879 1333 966 corrigendum
1358 903 1423 945 esso

307 1000 434 1075 Πήδασα
468 1036 512 1046 -
546 996 596 1061 καὶ
633 996 839 1071 nataralia
874 997 907 1060 τὸ
938 994 1051 1060 &laruda
1083 995 1179 1060 δεῖδὲ
1203 996 1234 1060 οὐ
1256 994 1305 1060 διὰ
1326 993 1424 1083 raiJ'y

307 1110 431 1194 γράφειν
463 1110 644 1190 stiparet,
676 1110 759 1174 aaa
782 1109 831 1174 διὰ
852 1115 902 1173 τοῦ
925 1109 942 1174 l
967 1108 1140 1182 Πήδασα.
1166 1107 1190 1173 oi
1212 1115 1333 1172 πολῖται
1353 1116 1423 1182 Πα-

308 1226 462 1299 δασεῖς,
497 1230 554 1288 aut
585 1223 669 1307 quod
705 1222 808 1287 malim
844 1221 999 1309 (displicet
1033 1221 1116 1286 enim
1148 1221 1203 1286 illa
1232 1221 1379 1306 repetitio
1401 1220 1426 1286 oi

307 1344 426 1404 πολῖται
448 1337 630 1422 Πηδασεῖς),
655 1341 786 1400 mutato'
800 1336 958 1413 Πηγασεύς
977 1335 1010 1399 in
1031 1333 1185 1409 Παδασεύς
1203 1333 1346 1398 lacunam
1366 1340 1426 1399 sta·

308 1452 458 1518 tuendam
494 1474 559 1516 esse
589 1457 659 1536 post
689 1451 801 1523 ε’θνιιιόν,
833 1457 870 1515 ut
901 1448 1013 1514 deinde
1044 1451 1143 1534 egerit
1166 1448 1204 1514 de
1227 1449 1288 1514 alio
1312 1446 1425 1534 oppido

312 1564 401 1631 nobis
440 1565 609 1649 incognito,
644 1563 728 1647 quod
764 1561 881 1648 Pegasa
914 1563 1034 1628 dietum
1070 1563 1150 1626 male
1184 1585 1202 1626 a
1236 1559 1425 1645 quibusdam

307 1677 424 1743 Pedasa
449 1685 621 1742 vocaretur.

351 1791 623 1886 Hrgde'wm
647 1813 709 1855 non
734 1789 1015 1863 Πεισθὲταιρις.
1042 1789 1115 1856 Vid.
1139 1789 1304 1854 Wecklein
1323 1812 1353 1875 p.
1372 1793 1425 1854 40.

350 1879 570 1978 ᾖλαθειεύς
600 1911 632 1968 et
665 1902 844 1977 Πλωθεύς
879 1912 954 1968 sunt
990 1926 1060 1968 vera
1094 1902 1247 1968 demotica
1282 1904 1376 1968 ducta
1409 1925 1427 1968 a

308 2019 492 2084 Πλώθεια.
529 2018 602 2086 Vid.
637 2020 671 2083 ΙΙ
707 2021 769 2085 570
801 2019 951 2105 (proxime
980 2017 1019 2083 ab
1049 2018 1201 2102 Euclide).
1225 2017 1313 2082 Illud
1336 2017 1425 2084 Tab.

308 2131 403 2198 Nae.
431 2131 507 2198 XIV
530 2157 556 2198 c.
585 2136 657 2211 140,
680 2155 710 2218 p.
734 2136 798 2196 486
823 2134 980 2205 [laudacie.
1004 2130 1051 2196 CI.
1077 2131 1173 2197 XVII
1196 2135 1247 2209 20,
1261 2154 1290 2217 p.
1310 2132 1370 2196 571
1385 2131 1426 2196 al.

313 2247 490 2333 Stephanus
514 2245 708 2320 Πλωθιεύς
730 2246 782 2312 καὶ
804 2246 991 2319 Πλωθεύς.
1014 2246 1055 2311 τὰ
1073 2246 1180 2312 ronias
1198 2247 1427 2312 Πλαθειῖθειι

313 2359 539 2440 Πλωθέαζε,
556 2363 786 2426 flandriam.
807 2359 948 2425 Fortasse
967 2359 1133 2445 legendum
1151 2358 1426 2431 Πλαθειεύς-

312 2475 575 2548 Πλωθειῖισιι,
608 2475 670 2538 sive
701 2474 789 2548 malis
819 2476 1051 2539 Πλωθειῖσιι.
1084 2473 1126 2538 ut
1155 2472 1312 2546 Πλωθειεύς
1341 2482 1427 2538 Πλω-

313 2588 417 2652 θειιῖθεν
440 2588 542 2653 estin
566 2587 691 2652 Aldina.

356 2697 476 2775 Πιύξ,
500 2699 653 2773 πυκνός.
678 2699 750 2764 Vid.
775 2699 939 2764 Wecklein
963 2722 993 2785 p.
1019 2703 1071 2765 25.
1164 2750 1166 2754 -

355 2813 549 2879 Πεσιδεώι
592 2815 703 2879 mensis
745 2837 858 2880 nomen
893 2815 1070 2899 antiquum,
1105 2837 1167 2880 non
1202 2815 1425 2880 Ποσειδεώι.

316 2925 384 2992 Vid.
409 2949 503 3014 supra
527 2949 592 3014 cap.
616 2929 642 3008 1,
667 2949 736 3013 pag.
763 2929 791 2992 7.

357 3043 573 3107 Horatiana
607 3043 624 3106 I
659 3042 733 3106 820.
769 3045 832 3105 442
858 3040 939 3126 (bis).
979 3045 1053 3107 446.
1088 3043 1373 3108 Ποτειδαιιῖται
1406 3065 1430 3106 s.

314 3156 574 3222 Ποτειδειῖται
606 3157 622 3219 1
653 3157 838 3220 aus-ass.
863 3154 1039 3240 Stephanus
1062 3156 1254 3222 Ποτίδαια
1277 3193 1321 3204 -
1344 3154 1431 3220 ὃπο-

314 3269 398 3344 urar
421 3267 689 3343 Ποτιδαιάτας
711 3268 763 3334 καὶ
788 3270 1026 3342 Ποτιδαιεῖς.
1047 3269 1107 3334 Per
1126 3269 1262 3335 vocalem
1283 3267 1430 3334 scribitur

315 3383 348 3448 in
373 3383 461 3448 codd.
486 3404 621 3466 quoque,
645 3383 697 3447 sed
720 3382 951 3468 diphthongum
977 3383 1086 3448 merito
1108 3383 1283 3469 Thucydidi
1302 3384 1432 3467 eiusque

317 3495 499 3580 aequalibus
519 3497 655 3561 reddunt
674 3497 784 3563 critici.
804 3498 841 3561 In
862 3497 977 3561 ethnici
992 3497 1202 3572 Πιτειδαιιέτας
1214 3497 1432 3562 terminatione

318 3631 389 3674 curn
421 3607 525 3673 titolis
553 3609 709 3695 conspirat
740 3609 790 3674 hic
821 3631 923 3674 rerum
954 3597 1095 3694 scriptor.
1120 3609 1228 3674 Altera
1251 3610 1349 3674 forma
1372 3619 1431 3675 Πι-

316 3723 462 3788 arrasam
491 3722 637 3788 distincte
661 3722 775 3806 legitur
800 3724 910 3786 1240.
937 3725 1011 3786 241.
1038 3725 1111 3787 242.
1137 3726 1210 3800 244,
1235 3723 1321 3806 quasi
1347 3721 1433 3787 urbis

316 3859 429 3902 nomen
464 3836 561 3900 fuerit
591 3835 747 3900 Πιτείδεια
781 3838 830 3918 (ut
860 3858 889 3900 v.
920 3858 945 3899 c.
970 3839 1152 3900 Χαλκεῖιται.
1177 3859 1195 3900 a
1219 3836 1360 3902 Χιὶλκεια.
1385 3835 1432 3900 (li.

316 3950 397 4016 infra
430 3949 542 4023 Ῥιὶιεια
566 3986 611 3996 -
641 3949 759 4023 Ῥηναιά
793 3949 966 4036 (Placeat)
982 3953 1004 4033 ),
1036 3950 1166 4014 alteram
1198 3957 1320 4037 praeter
1348 3949 1434 4016 urbis
1486 3990 1493 4001 ·

318 4085 429 4130 nomen
464 4069 495 4127 at
530 4061 724 4148 Thucydides
756 4085 825 4127 oum
858 4061 1017 4148 Stephano
1047 4063 1150 4128 firmat
1180 4064 1293 4129 titulus
1317 4065 1333 4128 Ι
1359 4067 1432 4144 236,

320 4197 449 4260 eamque
483 4175 623 4241 cultioris
654 4177 803 4240 sermonis
834 4176 927 4240 fuisse
950 4155 1129 4243 statuerim.
1162 4177 1209 4242 De
1240 4186 1266 4242 E
1298 4199 1434 4262 pronun·

321 4289 427 4353 tiendo
457 4289 585 4353 confuso
615 4311 685 4354 curn
709 4297 836 4354 Altam
861 4289 959 4375 prisca
983 4297 1085 4355 aetate
1109 4291 1238 4376 cogitari
1262 4313 1323 4354 non
1347 4311 1435 4375 posse

322 4403 455 4468 uidetur.
481 4401 551 4467 Vid.
576 4425 608 4490 p.
634 4406 685 4468 14.
