<?xml version="1.0" encoding="UTF-8"?>
<!DOCTYPE html PUBLIC "-//W3C//DTD XHTML 1.0 Transitional//EN"
    "http://www.w3.org/TR/xhtml1/DTD/xhtml1-transitional.dtd">
<html xmlns="http://www.w3.org/1999/xhtml" xml:lang="en" lang="en">
 <head>
  <title>
</title>
<meta http-equiv="Content-Type" content="text/html;charset=utf-8" />
  <meta name='ocr-system' content='tesseract 3.04.00' />
  <meta name='ocr-capabilities' content='ocr_page ocr_carea ocr_par ocr_line ocrx_word'/>
</head>
<body>
  <div class='ocr_page' id='page_1' title='image "./lapidumdedialec01herwgoog_0053.png"; bbox 0 0 3476 5142; ppageno 0'>
   <div class='ocr_carea' id='block_1_1' title="bbox 875 605 918 664">
    <p class='ocr_par' dir='ltr' id='par_1_1' title="bbox 875 605 918 664">
     <span class='ocr_line' id='line_1_1' title="bbox 875 605 918 664; baseline 0 0"><span class='ocrx_word' id='word_1_1' title='bbox 875 605 918 664; x_wconf 93' lang='grc'><strong>44</strong></span> 
     </span>
    </p>
   </div>
   <div class='ocr_carea' id='block_1_2' title="bbox 340 784 1457 1782">
    <p class='ocr_par' dir='ltr' id='par_1_2' title="bbox 342 784 1457 1098">
     <span class='ocr_line' id='line_1_2' title="bbox 343 784 1457 875; baseline 0.003 -23"><span class='ocrx_word' id='word_1_2' title='bbox 343 789 359 852; x_wconf 95' lang='lat' dir='ltr'>I</span> <span class='ocrx_word' id='word_1_3' title='bbox 394 790 468 869; x_wconf 89' lang='grc'>167,</span> <span class='ocrx_word' id='word_1_4' title='bbox 505 789 556 854; x_wconf 90' lang='grc'><strong>72.</strong></span> <span class='ocrx_word' id='word_1_5' title='bbox 592 787 677 853; x_wconf 79' lang='lat' dir='ltr'><strong>Alibi</strong></span> <span class='ocrx_word' id='word_1_6' title='bbox 710 795 757 852; x_wconf 88' lang='lat' dir='ltr'><strong>est</strong></span> <span class='ocrx_word' id='word_1_7' title='bbox 785 784 1038 863; x_wconf 79' lang='grc' dir='ltr'><strong><em>καταξνῦντν.</em></strong></span> <span class='ocrx_word' id='word_1_8' title='bbox 1067 787 1114 854; x_wconf 79' lang='lat' dir='ltr'><strong>Of.</strong></span> <span class='ocrx_word' id='word_1_9' title='bbox 1146 787 1309 854; x_wconf 81' lang='lat' dir='ltr'><strong>Wecklein</strong></span> <span class='ocrx_word' id='word_1_10' title='bbox 1341 811 1371 875; x_wconf 87' lang='lat' dir='ltr'><strong>p.</strong></span> <span class='ocrx_word' id='word_1_11' title='bbox 1403 791 1457 856; x_wconf 86' lang='grc'><strong>62.</strong></span> 
     </span>
     <span class='ocr_line' id='line_1_3' title="bbox 344 899 1457 984; baseline 0.005 -20"><span class='ocrx_word' id='word_1_12' title='bbox 344 900 457 984; x_wconf 86' lang='lat' dir='ltr'><strong>Itaque</strong></span> <span class='ocrx_word' id='word_1_13' title='bbox 491 907 609 966; x_wconf 80' lang='lat' dir='ltr'><strong>soteres</strong></span> <span class='ocrx_word' id='word_1_14' title='bbox 644 901 743 966; x_wconf 80' lang='lat' dir='ltr'><strong>Attici</strong></span> <span class='ocrx_word' id='word_1_15' title='bbox 779 899 907 965; x_wconf 83' lang='lat' dir='ltr'><strong>verbum</strong></span> <span class='ocrx_word' id='word_1_16' title='bbox 942 909 1026 968; x_wconf 84' lang='grc' dir='ltr'><strong>ΞΕΩ</strong></span> <span class='ocrx_word' id='word_1_17' title='bbox 1060 923 1123 967; x_wconf 87' lang='grc'><strong>555</strong></span> <span class='ocrx_word' id='word_1_18' title='bbox 1154 902 1246 966; x_wconf 85' lang='lat' dir='ltr'><strong>aliter</strong></span> <span class='ocrx_word' id='word_1_19' title='bbox 1275 902 1457 970; x_wconf 75' lang='lat' dir='ltr'>contrahere</span> 
     </span>
     <span class='ocr_line' id='line_1_4' title="bbox 342 1011 842 1098; baseline -0.004 -20"><span class='ocrx_word' id='word_1_20' title='bbox 342 1011 482 1078; x_wconf 88' lang='lat' dir='ltr'><strong>solebant</strong></span> <span class='ocrx_word' id='word_1_21' title='bbox 503 1035 596 1097; x_wconf 90' lang='lat' dir='ltr'><strong>quam</strong></span> <span class='ocrx_word' id='word_1_22' title='bbox 622 1021 724 1091; x_wconf 84' lang='grc' dir='ltr'>ΔΕΩ,</span> <span class='ocrx_word' id='word_1_23' title='bbox 748 1013 842 1098; x_wconf 83' lang='lat' dir='ltr'><strong>ligo.</strong></span> 
     </span>
    </p>

    <p class='ocr_par' dir='ltr' id='par_1_3' title="bbox 342 1128 1457 1324">
     <span class='ocr_line' id='line_1_5' title="bbox 387 1128 1457 1219; baseline 0.002 -25"><span class='ocrx_word' id='word_1_24' title='bbox 387 1128 679 1211; x_wconf 78' lang='grc' dir='ltr'><strong><em>ἀνεπνβάρκτος</em></strong></span> <span class='ocrx_word' id='word_1_25' title='bbox 711 1128 744 1193; x_wconf 95' lang='lat' dir='ltr'><strong>II</strong></span> <span class='ocrx_word' id='word_1_26' title='bbox 776 1132 851 1211; x_wconf 87' lang='grc'>482,</span> <span class='ocrx_word' id='word_1_27' title='bbox 879 1132 921 1193; x_wconf 87' lang='grc'>64</span> <span class='ocrx_word' id='word_1_28' title='bbox 944 1129 1027 1195; x_wconf 87' lang='lat' dir='ltr'><strong>inter</strong></span> <span class='ocrx_word' id='word_1_29' title='bbox 1049 1153 1077 1196; x_wconf 93' lang='grc'><strong>5.</strong></span> <span class='ocrx_word' id='word_1_30' title='bbox 1102 1133 1142 1195; x_wconf 86' lang='grc'><strong>89</strong></span> <span class='ocrx_word' id='word_1_31' title='bbox 1167 1138 1199 1196; x_wconf 92' lang='lat' dir='ltr'><strong>et</strong></span> <span class='ocrx_word' id='word_1_32' title='bbox 1223 1134 1264 1196; x_wconf 85' lang='grc'><strong>32</strong></span> <span class='ocrx_word' id='word_1_33' title='bbox 1288 1155 1316 1198; x_wconf 94' lang='grc'><strong>5.</strong></span> <span class='ocrx_word' id='word_1_34' title='bbox 1340 1131 1388 1219; x_wconf 85' lang='lat'><strong>0.)</strong></span> <span class='ocrx_word' id='word_1_35' title='bbox 1414 1161 1457 1196; x_wconf 87' lang='lat'><strong><em>=</em></strong></span> 
     </span>
     <span class='ocr_line' id='line_1_6' title="bbox 342 1242 662 1324; baseline -0.006 -16"><span class='ocrx_word' id='word_1_36' title='bbox 342 1242 461 1318; x_wconf 81' lang='grc' dir='ltr'><strong><em>ἀτελής,</em></strong></span> <span class='ocrx_word' id='word_1_37' title='bbox 486 1243 662 1324; x_wconf 74' lang='grc' dir='ltr'><strong><em>ἀνείσφωρας.</em></strong></span> 
     </span>
    </p>

    <p class='ocr_par' dir='ltr' id='par_1_4' title="bbox 342 1355 1457 1556">
     <span class='ocr_line' id='line_1_7' title="bbox 386 1355 1457 1443; baseline 0.005 -22"><span class='ocrx_word' id='word_1_38' title='bbox 386 1356 702 1438; x_wconf 78' lang='grc' dir='ltr'><strong><em>ἀνεπικλήρωτος</em></strong></span> <span class='ocrx_word' id='word_1_39' title='bbox 731 1355 842 1438; x_wconf 79' lang='grc' dir='ltr'><strong><em>τρνήρκς</em></strong></span> <span class='ocrx_word' id='word_1_40' title='bbox 874 1365 935 1422; x_wconf 87' lang='grc' dir='ltr'><strong>ΤΝ</strong></span> <span class='ocrx_word' id='word_1_41' title='bbox 964 1379 995 1443; x_wconf 87' lang='lat' dir='ltr'><strong>p.</strong></span> <span class='ocrx_word' id='word_1_42' title='bbox 1028 1361 1103 1439; x_wconf 84' lang='grc'><strong>263,</strong></span> <span class='ocrx_word' id='word_1_43' title='bbox 1134 1357 1220 1438; x_wconf 88' lang='lat' dir='ltr'><strong>alibi,</strong></span> <span class='ocrx_word' id='word_1_44' title='bbox 1244 1381 1323 1424; x_wconf 93' lang='lat' dir='ltr'><strong>non</strong></span> <span class='ocrx_word' id='word_1_45' title='bbox 1345 1367 1457 1426; x_wconf 87' lang='lat' dir='ltr'><strong>sorte</strong></span> 
     </span>
     <span class='ocr_line' id='line_1_8' title="bbox 342 1468 1135 1556; baseline -0.001 -20"><span class='ocrx_word' id='word_1_46' title='bbox 342 1472 554 1556; x_wconf 81' lang='lat' dir='ltr'><strong>assignata</strong></span> <span class='ocrx_word' id='word_1_47' title='bbox 576 1469 822 1535; x_wconf 73' lang='lat' dir='ltr'><strong>trierarcho.</strong></span> <span class='ocrx_word' id='word_1_48' title='bbox 847 1468 919 1536; x_wconf 82' lang='lat' dir='ltr'><strong>Vid.</strong></span> <span class='ocrx_word' id='word_1_49' title='bbox 943 1470 979 1535; x_wconf 92' lang='lat' dir='ltr'><strong>B.</strong></span> <span class='ocrx_word' id='word_1_50' title='bbox 1005 1493 1036 1556; x_wconf 90' lang='lat' dir='ltr'><strong>p.</strong></span> <span class='ocrx_word' id='word_1_51' title='bbox 1063 1474 1135 1542; x_wconf 79' lang='lat'>108.</span> 
     </span>
    </p>

    <p class='ocr_par' dir='ltr' id='par_1_5' title="bbox 340 1582 1457 1782">
     <span class='ocr_line' id='line_1_9' title="bbox 386 1582 1457 1671; baseline 0.004 -23"><span class='ocrx_word' id='word_1_52' title='bbox 386 1584 577 1663; x_wconf 80' lang='grc' dir='ltr'><strong><em>ἀνήλωμα</em></strong></span> <span class='ocrx_word' id='word_1_53' title='bbox 610 1582 816 1648; x_wconf 80' lang='lat' dir='ltr'><strong>barbarismus</strong></span> <span class='ocrx_word' id='word_1_54' title='bbox 844 1605 901 1670; x_wconf 87' lang='lat' dir='ltr'><strong>pro</strong></span> <span class='ocrx_word' id='word_1_55' title='bbox 925 1583 1075 1664; x_wconf 85' lang='grc' dir='ltr'><strong><em>ἀνάλωμα</em></strong></span> <span class='ocrx_word' id='word_1_56' title='bbox 1096 1584 1131 1649; x_wconf 88' lang='grc' dir='ltr'><strong>ΙΙ</strong></span> <span class='ocrx_word' id='word_1_57' title='bbox 1157 1587 1219 1650; x_wconf 91' lang='grc'><strong>595</strong></span> <span class='ocrx_word' id='word_1_58' title='bbox 1243 1593 1275 1650; x_wconf 92' lang='lat' dir='ltr'><strong>et</strong></span> <span class='ocrx_word' id='word_1_59' title='bbox 1297 1589 1361 1651; x_wconf 86' lang='grc'><strong>624</strong></span> <span class='ocrx_word' id='word_1_60' title='bbox 1384 1587 1457 1671; x_wconf 86' lang='lat' dir='ltr'><strong>(ecc.</strong></span> 
     </span>
     <span class='ocr_line' id='line_1_10' title="bbox 340 1695 509 1782; baseline -0.006 -20"><span class='ocrx_word' id='word_1_61' title='bbox 340 1695 375 1762; x_wconf 92' lang='lat' dir='ltr'><strong>II</strong></span> <span class='ocrx_word' id='word_1_62' title='bbox 398 1719 427 1762; x_wconf 87' lang='lat' dir='ltr'><strong>a.</strong></span> <span class='ocrx_word' id='word_1_63' title='bbox 450 1696 509 1782; x_wconf 83' lang='grc'>0.).</span> 
     </span>
    </p>
   </div>
   <div class='ocr_carea' id='block_1_3' title="bbox 385 1809 1458 1898">
    <p class='ocr_par' dir='ltr' id='par_1_6' title="bbox 385 1809 1458 1898">
     <span class='ocr_line' id='line_1_11' title="bbox 385 1809 1458 1898; baseline 0.003 -22"><span class='ocrx_word' id='word_1_64' title='bbox 385 1811 582 1886; x_wconf 78' lang='grc' dir='ltr'><strong><em>ἀνήλωσα,</em></strong></span> <span class='ocrx_word' id='word_1_65' title='bbox 610 1809 768 1885; x_wconf 81' lang='grc' dir='ltr'><strong><em>ἀνήλάἀήν,</em></strong></span> <span class='ocrx_word' id='word_1_66' title='bbox 791 1810 932 1885; x_wconf 87' lang='grc' dir='ltr'><strong><em>ἀνήλωκα</em></strong></span> <span class='ocrx_word' id='word_1_67' title='bbox 957 1811 1033 1898; x_wconf 86' lang='grc'>(555</span> <span class='ocrx_word' id='word_1_68' title='bbox 1056 1811 1198 1878; x_wconf 77' lang='grc' dir='ltr'><strong><em>ἀνάλωαα</em></strong></span> <span class='ocrx_word' id='word_1_69' title='bbox 1212 1816 1300 1898; x_wconf 86' lang='lat' dir='ltr'><strong>cett.)</strong></span> <span class='ocrx_word' id='word_1_70' title='bbox 1319 1819 1458 1879; x_wconf 80' lang='grc'>5555155-</span> 
     </span>
    </p>
   </div>
   <div class='ocr_carea' id='block_1_4' title="bbox 345 1922 1569 2012">
    <p class='ocr_par' dir='ltr' id='par_1_7' title="bbox 345 1922 1569 2012">
     <span class='ocr_line' id='line_1_12' title="bbox 345 1922 1569 2012; baseline 0.003 -22"><span class='ocrx_word' id='word_1_71' title='bbox 345 1932 394 1990; x_wconf 86' lang='lat' dir='ltr'><strong>ter</strong></span> <span class='ocrx_word' id='word_1_72' title='bbox 417 1924 527 1990; x_wconf 81' lang='lat' dir='ltr'><strong>Attici.</strong></span> <span class='ocrx_word' id='word_1_73' title='bbox 551 1922 624 1989; x_wconf 76' lang='lat' dir='ltr'><strong>vid.</strong></span> <span class='ocrx_word' id='word_1_74' title='bbox 648 1923 813 1989; x_wconf 78' lang='lat' dir='ltr'><strong>Wecklein</strong></span> <span class='ocrx_word' id='word_1_75' title='bbox 835 1946 866 2011; x_wconf 89' lang='lat' dir='ltr'><strong>p.</strong></span> <span class='ocrx_word' id='word_1_76' title='bbox 891 1928 933 1989; x_wconf 83' lang='grc'><strong>36</strong></span> <span class='ocrx_word' id='word_1_77' title='bbox 946 1947 1023 2010; x_wconf 71' lang='lat' dir='ltr'><strong>sqq„</strong></span> <span class='ocrx_word' id='word_1_78' title='bbox 1044 1925 1099 1991; x_wconf 92' lang='lat' dir='ltr'><strong>ubi</strong></span> <span class='ocrx_word' id='word_1_79' title='bbox 1119 1926 1212 1992; x_wconf 89' lang='lat' dir='ltr'><strong>simul</strong></span> <span class='ocrx_word' id='word_1_80' title='bbox 1232 1928 1297 2012; x_wconf 83' lang='lat' dir='ltr'><strong>egit</strong></span> <span class='ocrx_word' id='word_1_81' title='bbox 1307 1926 1345 1991; x_wconf 89' lang='lat' dir='ltr'><strong>de</strong></span> <span class='ocrx_word' id='word_1_82' title='bbox 1356 1927 1455 2002; x_wconf 72' lang='lat' dir='ltr'><strong>sisinn</strong></span> <span class='ocrx_word' id='word_1_83' title='bbox 1564 1923 1569 1932; x_wconf 74' lang='grc'><strong><em>’</em></strong></span> 
     </span>
    </p>
   </div>
   <div class='ocr_carea' id='block_1_5' title="bbox 338 2037 1458 3262">
    <p class='ocr_par' dir='ltr' id='par_1_8' title="bbox 339 2037 1457 2355">
     <span class='ocr_line' id='line_1_13' title="bbox 339 2037 1456 2124; baseline 0 -18"><span class='ocrx_word' id='word_1_84' title='bbox 339 2041 440 2124; x_wconf 90' lang='lat' dir='ltr'><strong>deque</strong></span> <span class='ocrx_word' id='word_1_85' title='bbox 473 2046 642 2124; x_wconf 83' lang='lat' dir='ltr'><strong>augmento</strong></span> <span class='ocrx_word' id='word_1_86' title='bbox 675 2040 708 2105; x_wconf 88' lang='lat' dir='ltr'><strong>in</strong></span> <span class='ocrx_word' id='word_1_87' title='bbox 741 2037 840 2104; x_wconf 83' lang='lat' dir='ltr'><strong>verbis</strong></span> <span class='ocrx_word' id='word_1_88' title='bbox 869 2039 1010 2122; x_wconf 73' lang='grc' dir='ltr'><strong><em>εὑρίσκειν,</em></strong></span> <span class='ocrx_word' id='word_1_89' title='bbox 1041 2039 1189 2120; x_wconf 75' lang='grc' dir='ltr'><strong><em>εὔχεσθαι,</em></strong></span> <span class='ocrx_word' id='word_1_90' title='bbox 1221 2039 1352 2122; x_wconf 57' lang='lat' dir='ltr'><strong>sinales,</strong></span> <span class='ocrx_word' id='word_1_91' title='bbox 1376 2041 1456 2106; x_wconf 87' lang='lat' dir='ltr'><strong>aliis.</strong></span> 
     </span>
     <span class='ocr_line' id='line_1_14' title="bbox 341 2152 1457 2240; baseline -0.001 -21"><span class='ocrx_word' id='word_1_92' title='bbox 341 2153 521 2220; x_wconf 76' lang='lat' dir='ltr'><strong>Formarum</strong></span> <span class='ocrx_word' id='word_1_93' title='bbox 551 2156 696 2222; x_wconf 85' lang='grc' dir='ltr'><strong><em>ἀνάλωσα</em></strong></span> <span class='ocrx_word' id='word_1_94' title='bbox 727 2160 800 2218; x_wconf 86' lang='lat' dir='ltr'><strong>cett.</strong></span> <span class='ocrx_word' id='word_1_95' title='bbox 833 2153 958 2218; x_wconf 90' lang='lat' dir='ltr'><strong>nullum</strong></span> <span class='ocrx_word' id='word_1_96' title='bbox 989 2152 1115 2219; x_wconf 86' lang='lat' dir='ltr'><strong>omuino</strong></span> <span class='ocrx_word' id='word_1_97' title='bbox 1146 2153 1267 2240; x_wconf 80' lang='lat' dir='ltr'><strong>repperi</strong></span> <span class='ocrx_word' id='word_1_98' title='bbox 1296 2153 1329 2218; x_wconf 93' lang='lat' dir='ltr'><strong>in</strong></span> <span class='ocrx_word' id='word_1_99' title='bbox 1353 2153 1457 2218; x_wconf 86' lang='lat' dir='ltr'><strong>titulis</strong></span> 
     </span>
     <span class='ocr_line' id='line_1_15' title="bbox 341 2268 666 2355; baseline 0.003 -22"><span class='ocrx_word' id='word_1_100' title='bbox 341 2268 455 2334; x_wconf 79' lang='lat' dir='ltr'><strong>Atticis</strong></span> <span class='ocrx_word' id='word_1_101' title='bbox 479 2269 666 2355; x_wconf 88' lang='lat' dir='ltr'><strong>exemplum.</strong></span> 
     </span>
    </p>

    <p class='ocr_par' dir='ltr' id='par_1_9' title="bbox 338 2367 1458 2559">
     <span class='ocr_line' id='line_1_16' title="bbox 382 2367 1458 2467; baseline 0.002 -22"><span class='ocrx_word' id='word_1_102' title='bbox 382 2383 588 2456; x_wconf 82' lang='grc' dir='ltr'><strong><em>ἀνήλάσας</em></strong></span> <span class='ocrx_word' id='word_1_103' title='bbox 624 2403 681 2467; x_wconf 88' lang='lat' dir='ltr'><strong>pro</strong></span> <span class='ocrx_word' id='word_1_104' title='bbox 712 2381 871 2454; x_wconf 76' lang='grc' dir='ltr'><strong><em>ἀναλώσας</em></strong></span> <span class='ocrx_word' id='word_1_105' title='bbox 899 2367 1108 2446; x_wconf 76' lang='lat' dir='ltr'><strong>barbarismus</strong></span> <span class='ocrx_word' id='word_1_106' title='bbox 1138 2383 1172 2446; x_wconf 92' lang='lat' dir='ltr'><strong>in</strong></span> <span class='ocrx_word' id='word_1_107' title='bbox 1202 2381 1306 2446; x_wconf 88' lang='lat' dir='ltr'><strong>titulis</strong></span> <span class='ocrx_word' id='word_1_108' title='bbox 1335 2379 1458 2447; x_wconf 86' lang='lat' dir='ltr'><strong>duobus</strong></span> 
     </span>
     <span class='ocr_line' id='line_1_17' title="bbox 338 2493 929 2559; baseline -0.005 0"><span class='ocrx_word' id='word_1_109' title='bbox 338 2515 400 2559; x_wconf 85' lang='lat' dir='ltr'><strong>sec.</strong></span> <span class='ocrx_word' id='word_1_110' title='bbox 424 2493 510 2559; x_wconf 87' lang='lat' dir='ltr'><strong>IIa.</strong></span> <span class='ocrx_word' id='word_1_111' title='bbox 534 2493 625 2559; x_wconf 87' lang='lat' dir='ltr'><strong>c.11</strong></span> <span class='ocrx_word' id='word_1_112' title='bbox 652 2497 715 2558; x_wconf 87' lang='grc'><strong>594</strong></span> <span class='ocrx_word' id='word_1_113' title='bbox 739 2501 770 2557; x_wconf 89' lang='lat' dir='ltr'><strong>et</strong></span> <span class='ocrx_word' id='word_1_114' title='bbox 795 2495 868 2557; x_wconf 87' lang='grc'>624.</span> <span class='ocrx_word' id='word_1_115' title='bbox 923 2536 929 2548; x_wconf 85' lang='lat'><strong>·</strong></span> 
     </span>
    </p>

    <p class='ocr_par' dir='ltr' id='par_1_10' title="bbox 386 2595 1233 2686">
     <span class='ocr_line' id='line_1_18' title="bbox 386 2595 1233 2686; baseline -0.001 -14"><span class='ocrx_word' id='word_1_116' title='bbox 386 2606 554 2686; x_wconf 81' lang='grc' dir='ltr'><strong><em>ἀνάεμνν</em></strong></span> <span class='ocrx_word' id='word_1_117' title='bbox 576 2607 594 2672; x_wconf 88' lang='grc'>1</span> <span class='ocrx_word' id='word_1_118' title='bbox 616 2595 679 2671; x_wconf 87' lang='grc'>619</span> <span class='ocrx_word' id='word_1_119' title='bbox 704 2615 922 2674; x_wconf 86' lang='lat' dir='ltr'><strong>ornamentum</strong></span> <span class='ocrx_word' id='word_1_120' title='bbox 945 2605 1233 2673; x_wconf 86' lang='lat' dir='ltr'><strong>architectonicum.</strong></span> 
     </span>
    </p>

    <p class='ocr_par' dir='ltr' id='par_1_11' title="bbox 339 2718 1456 2920">
     <span class='ocr_line' id='line_1_19' title="bbox 386 2718 1456 2801; baseline 0 -15"><span class='ocrx_word' id='word_1_121' title='bbox 386 2721 626 2800; x_wconf 75' lang='grc' dir='ltr'><strong><em>ἀνθέμωτος,</em></strong></span> <span class='ocrx_word' id='word_1_122' title='bbox 671 2722 824 2801; x_wconf 73' lang='grc' dir='ltr'><strong><em>καλυπτὴρ</em></strong></span> <span class='ocrx_word' id='word_1_123' title='bbox 858 2718 1023 2799; x_wconf 62' lang='lat' dir='ltr'><strong>avernum</strong></span> <span class='ocrx_word' id='word_1_124' title='bbox 1058 2719 1208 2786; x_wconf 82' lang='lat' dir='ltr'><strong>imbrex</strong></span> <span class='ocrx_word' id='word_1_125' title='bbox 1245 2720 1456 2786; x_wconf 81' lang='lat' dir='ltr'><strong>anthemio</strong></span> 
     </span>
     <span class='ocr_line' id='line_1_20' title="bbox 339 2833 1044 2920; baseline -0.004 -20"><span class='ocrx_word' id='word_1_126' title='bbox 339 2841 487 2900; x_wconf 87' lang='lat' dir='ltr'><strong>ornata</strong></span> <span class='ocrx_word' id='word_1_127' title='bbox 512 2843 571 2900; x_wconf 82' lang='lat' dir='ltr'><strong>TN</strong></span> <span class='ocrx_word' id='word_1_128' title='bbox 594 2856 625 2920; x_wconf 92' lang='lat' dir='ltr'><strong>p.</strong></span> <span class='ocrx_word' id='word_1_129' title='bbox 650 2835 712 2899; x_wconf 86' lang='grc'>497</span> <span class='ocrx_word' id='word_1_130' title='bbox 727 2856 772 2918; x_wconf 86' lang='lat' dir='ltr'><strong>sq.</strong></span> <span class='ocrx_word' id='word_1_131' title='bbox 798 2833 903 2918; x_wconf 88' lang='lat' dir='ltr'><strong>ibique</strong></span> <span class='ocrx_word' id='word_1_132' title='bbox 926 2833 1044 2900; x_wconf 88' lang='lat' dir='ltr'><strong>Boekh.</strong></span> 
     </span>
    </p>

    <p class='ocr_par' dir='ltr' id='par_1_12' title="bbox 381 2947 1455 3026">
     <span class='ocr_line' id='line_1_21' title="bbox 381 2947 1455 3026; baseline 0.002 -14"><span class='ocrx_word' id='word_1_133' title='bbox 381 2948 638 3026; x_wconf 77' lang='grc' dir='ltr'><strong><em>ἀντνάήαατα</em></strong></span> <span class='ocrx_word' id='word_1_134' title='bbox 670 2953 703 3011; x_wconf 93' lang='lat' dir='ltr'><strong>et</strong></span> <span class='ocrx_word' id='word_1_135' title='bbox 732 2947 926 3026; x_wconf 77' lang='grc' dir='ltr'><strong><em>ἀντνμάρω</em></strong></span> <span class='ocrx_word' id='word_1_136' title='bbox 948 2968 1037 3012; x_wconf 83' lang='lat' dir='ltr'><strong>voces</strong></span> <span class='ocrx_word' id='word_1_137' title='bbox 1058 2947 1317 3014; x_wconf 75' lang='lat' dir='ltr'><strong>architectonicae</strong></span> <span class='ocrx_word' id='word_1_138' title='bbox 1340 2951 1356 3014; x_wconf 95' lang='lat' dir='ltr'>I</span> <span class='ocrx_word' id='word_1_139' title='bbox 1379 2950 1455 3014; x_wconf 84' lang='grc'><strong>622.</strong></span> 
     </span>
    </p>

    <p class='ocr_par' dir='ltr' id='par_1_13' title="bbox 339 3060 1457 3262">
     <span class='ocr_line' id='line_1_22' title="bbox 380 3060 1457 3147; baseline 0 -21"><span class='ocrx_word' id='word_1_140' title='bbox 380 3062 470 3136; x_wconf 79' lang='grc' dir='ltr'><strong><em>ἀπό,</em></strong></span> <span class='ocrx_word' id='word_1_141' title='bbox 494 3062 632 3147; x_wconf 84' lang='lat' dir='ltr'><strong>pretium</strong></span> <span class='ocrx_word' id='word_1_142' title='bbox 657 3061 807 3140; x_wconf 89' lang='lat' dir='ltr'><strong>indicans,</strong></span> <span class='ocrx_word' id='word_1_143' title='bbox 831 3061 960 3138; x_wconf 89' lang='grc'>11470,</span> <span class='ocrx_word' id='word_1_144' title='bbox 986 3062 1035 3140; x_wconf 89' lang='grc'><strong>71,</strong></span> <span class='ocrx_word' id='word_1_145' title='bbox 1057 3065 1096 3124; x_wconf 84' lang='grc'><strong>86</strong></span> <span class='ocrx_word' id='word_1_146' title='bbox 1117 3060 1231 3143; x_wconf 79' lang='grc' dir='ltr'><strong><em>Φνάλήν</em></strong></span> <span class='ocrx_word' id='word_1_147' title='bbox 1242 3063 1302 3128; x_wconf 80' lang='grc' dir='ltr'><strong>ἀπὸ</strong></span> <span class='ocrx_word' id='word_1_148' title='bbox 1314 3063 1457 3143; x_wconf 78' lang='grc' dir='ltr'><strong><em>δραχμῶν</em></strong></span> 
     </span>
     <span class='ocr_line' id='line_1_23' title="bbox 339 3172 1455 3262; baseline -0.001 -22"><span class='ocrx_word' id='word_1_149' title='bbox 339 3174 450 3242; x_wconf 72' lang='grc' dir='ltr'><strong><em>ἑκατόν.</em></strong></span> <span class='ocrx_word' id='word_1_150' title='bbox 476 3175 523 3242; x_wconf 83' lang='lat' dir='ltr'><strong>cf.</strong></span> <span class='ocrx_word' id='word_1_151' title='bbox 547 3176 622 3252; x_wconf 87' lang='grc'>477,</span> <span class='ocrx_word' id='word_1_152' title='bbox 649 3178 698 3241; x_wconf 85' lang='grc'>16.</span> <span class='ocrx_word' id='word_1_153' title='bbox 724 3175 806 3241; x_wconf 86' lang='lat' dir='ltr'><strong>Add.</strong></span> <span class='ocrx_word' id='word_1_154' title='bbox 830 3197 900 3239; x_wconf 81' lang='lat' dir='ltr'><strong>nov.</strong></span> <span class='ocrx_word' id='word_1_155' title='bbox 926 3177 1017 3238; x_wconf 88' lang='grc'>1596</span> <span class='ocrx_word' id='word_1_156' title='bbox 1041 3175 1115 3262; x_wconf 90' lang='lat' dir='ltr'><strong>(seo.</strong></span> <span class='ocrx_word' id='word_1_157' title='bbox 1137 3173 1185 3239; x_wconf 91' lang='lat' dir='ltr'><strong>IV</strong></span> <span class='ocrx_word' id='word_1_158' title='bbox 1204 3197 1233 3241; x_wconf 90' lang='grc'><strong>5.</strong></span> <span class='ocrx_word' id='word_1_159' title='bbox 1253 3172 1313 3260; x_wconf 82' lang='grc'>0.),</span> <span class='ocrx_word' id='word_1_160' title='bbox 1329 3175 1455 3255; x_wconf 85' lang='grc'>7,5111)1.</span> 
     </span>
    </p>
   </div>
   <div class='ocr_carea' id='block_1_6' title="bbox 384 3285 1554 3374">
    <p class='ocr_par' dir='ltr' id='par_1_14' title="bbox 384 3285 1554 3374">
     <span class='ocr_line' id='line_1_24' title="bbox 384 3285 1554 3374; baseline 0 -19"><span class='ocrx_word' id='word_1_161' title='bbox 384 3286 679 3372; x_wconf 79' lang='grc' dir='ltr'><strong><em>ἀπωκήρύξνμως</em></strong></span> <span class='ocrx_word' id='word_1_162' title='bbox 712 3290 744 3353; x_wconf 90' lang='grc'><strong>11</strong></span> <span class='ocrx_word' id='word_1_163' title='bbox 778 3290 842 3354; x_wconf 88' lang='grc'>476</span> <span class='ocrx_word' id='word_1_164' title='bbox 876 3287 947 3370; x_wconf 86' lang='lat' dir='ltr'><strong>(ult.</strong></span> <span class='ocrx_word' id='word_1_165' title='bbox 978 3309 1037 3353; x_wconf 88' lang='lat' dir='ltr'><strong>sec.</strong></span> <span class='ocrx_word' id='word_1_166' title='bbox 1069 3311 1095 3352; x_wconf 92' lang='grc'><strong>5.</strong></span> <span class='ocrx_word' id='word_1_167' title='bbox 1129 3285 1175 3371; x_wconf 83' lang='lat' dir='ltr'><strong>O.)</strong></span> <span class='ocrx_word' id='word_1_168' title='bbox 1205 3291 1290 3373; x_wconf 72' lang='lat' dir='ltr'><strong>hsq.</strong></span> <span class='ocrx_word' id='word_1_169' title='bbox 1316 3289 1377 3374; x_wconf 76' lang='grc' dir='ltr'><strong>[τὸν</strong></span> <span class='ocrx_word' id='word_1_170' title='bbox 1400 3295 1456 3354; x_wconf 79' lang='grc' dir='ltr'><strong>τῶν</strong></span> <span class='ocrx_word' id='word_1_171' title='bbox 1550 3297 1554 3308; x_wconf 92' lang='grc'><strong>“</strong></span> 
     </span>
    </p>
   </div>
   <div class='ocr_carea' id='block_1_7' title="bbox 342 3399 1458 3831">
    <p class='ocr_par' dir='ltr' id='par_1_15' title="bbox 342 3399 1456 3713">
     <span class='ocr_line' id='line_1_25' title="bbox 342 3399 1455 3487; baseline 0 -19"><span class='ocrx_word' id='word_1_172' title='bbox 342 3399 581 3487; x_wconf 54' lang='lat' dir='ltr'><strong>adsumsimus</strong></span> <span class='ocrx_word' id='word_1_173' title='bbox 604 3401 700 3481; x_wconf 72' lang='grc' dir='ltr'><strong>λόγων.</strong></span> <span class='ocrx_word' id='word_1_174' title='bbox 725 3400 772 3466; x_wconf 81' lang='lat' dir='ltr'><strong>Of.</strong></span> <span class='ocrx_word' id='word_1_175' title='bbox 796 3400 837 3466; x_wconf 93' lang='lat' dir='ltr'><strong>ib.</strong></span> <span class='ocrx_word' id='word_1_176' title='bbox 864 3403 904 3465; x_wconf 81' lang='lat'><strong>28</strong></span> <span class='ocrx_word' id='word_1_177' title='bbox 925 3401 975 3466; x_wconf 83' lang='grc' dir='ltr'><strong>ἕάν</strong></span> <span class='ocrx_word' id='word_1_178' title='bbox 995 3401 1027 3465; x_wconf 76' lang='grc' dir='ltr'><strong>δὲ</strong></span> <span class='ocrx_word' id='word_1_179' title='bbox 1047 3403 1075 3466; x_wconf 82' lang='grc' dir='ltr'><strong>ἐν</strong></span> <span class='ocrx_word' id='word_1_180' title='bbox 1095 3401 1226 3466; x_wconf 77' lang='grc' dir='ltr'><strong><em>ε’λάττννι</em></strong></span> <span class='ocrx_word' id='word_1_181' title='bbox 1239 3411 1322 3484; x_wconf 78' lang='grc' dir='ltr'><strong><em>πωλή</em></strong></span> <span class='ocrx_word' id='word_1_182' title='bbox 1334 3403 1455 3484; x_wconf 69' lang='grc' dir='ltr'><strong><em>ἀγγείῳ,</em></strong></span> 
     </span>
     <span class='ocr_line' id='line_1_26' title="bbox 342 3512 1456 3602; baseline -0.002 -20"><span class='ocrx_word' id='word_1_183' title='bbox 342 3516 360 3590; x_wconf 77' lang='lat' dir='ltr'><strong>si</strong></span> <span class='ocrx_word' id='word_1_184' title='bbox 384 3516 465 3598; x_wconf 78' lang='grc' dir='ltr'><strong><em>ἀρχή</em></strong></span> <span class='ocrx_word' id='word_1_185' title='bbox 490 3515 543 3598; x_wconf 80' lang='grc' dir='ltr'><strong>ὑφ’</strong></span> <span class='ocrx_word' id='word_1_186' title='bbox 567 3513 601 3590; x_wconf 84' lang='grc' dir='ltr'><strong>ήν</strong></span> <span class='ocrx_word' id='word_1_187' title='bbox 624 3513 660 3580; x_wconf 88' lang='grc' dir='ltr'><strong>ἀν</strong></span> <span class='ocrx_word' id='word_1_188' title='bbox 682 3516 726 3600; x_wconf 81' lang='lat' dir='ltr'><strong>r[.</strong></span> <span class='ocrx_word' id='word_1_189' title='bbox 741 3513 836 3599; x_wconf 79' lang='grc' dir='ltr'>..’τά]</span> <span class='ocrx_word' id='word_1_190' title='bbox 860 3537 894 3578; x_wconf 83' lang='grc' dir='ltr'><strong>τε</strong></span> <span class='ocrx_word' id='word_1_191' title='bbox 915 3512 1015 3578; x_wconf 74' lang='grc' dir='ltr'><strong><em>ἐνόντα</em></strong></span> <span class='ocrx_word' id='word_1_192' title='bbox 1037 3522 1225 3596; x_wconf 73' lang='grc' dir='ltr'><strong><em>παραχρῆμα</em></strong></span> <span class='ocrx_word' id='word_1_193' title='bbox 1249 3516 1456 3602; x_wconf 79' lang='grc' dir='ltr'><strong><em>[ἀ]πνκήρν[τ-</em></strong></span> 
     </span>
     <span class='ocr_line' id='line_1_27' title="bbox 342 3628 655 3713; baseline 0 -19"><span class='ocrx_word' id='word_1_194' title='bbox 342 3628 430 3713; x_wconf 80' lang='grc' dir='ltr'><strong><em>τ]ε’τω</em></strong></span> <span class='ocrx_word' id='word_1_195' title='bbox 453 3629 513 3694; x_wconf 71' lang='lat' dir='ltr'><strong>xri.</strong></span> <span class='ocrx_word' id='word_1_196' title='bbox 647 3697 655 3712; x_wconf 63' lang='grc'>,</span> 
     </span>
    </p>

    <p class='ocr_par' dir='ltr' id='par_1_16' title="bbox 386 3739 1458 3831">
     <span class='ocr_line' id='line_1_28' title="bbox 386 3739 1458 3831; baseline 0.003 -25"><span class='ocrx_word' id='word_1_197' title='bbox 386 3739 548 3817; x_wconf 78' lang='grc' dir='ltr'><strong><em>ἀπόπαξ</em></strong></span> <span class='ocrx_word' id='word_1_198' title='bbox 577 3743 593 3807; x_wconf 95' lang='lat' dir='ltr'>I</span> <span class='ocrx_word' id='word_1_199' title='bbox 623 3745 685 3807; x_wconf 83' lang='grc'><strong>266</strong></span> <span class='ocrx_word' id='word_1_200' title='bbox 717 3740 813 3821; x_wconf 74' lang='grc' dir='ltr'>μισθοὶ</span> <span class='ocrx_word' id='word_1_201' title='bbox 843 3741 923 3806; x_wconf 68' lang='lat' dir='ltr'><strong>eust</strong></span> <span class='ocrx_word' id='word_1_202' title='bbox 954 3741 1007 3827; x_wconf 85' lang='grc' dir='ltr'><strong>[τά</strong></span> <span class='ocrx_word' id='word_1_203' title='bbox 1030 3742 1181 3828; x_wconf 58' lang='lat' dir='ltr'><strong>siponida</strong></span> <span class='ocrx_word' id='word_1_204' title='bbox 1202 3739 1335 3819; x_wconf 77' lang='grc' dir='ltr'><strong><em>ἀπόπαξ.</em></strong></span> <span class='ocrx_word' id='word_1_205' title='bbox 1361 3745 1458 3831; x_wconf 80' lang='lat' dir='ltr'><strong>Hesy-</strong></span> 
     </span>
    </p>
   </div>
   <div class='ocr_carea' id='block_1_8' title="bbox 230 3852 1106 3938">
    <p class='ocr_par' dir='ltr' id='par_1_17' title="bbox 230 3852 1106 3938">
     <span class='ocr_line' id='line_1_29' title="bbox 230 3852 1106 3938; baseline 0.001 -19"><span class='ocrx_word' id='word_1_206' title='bbox 230 3927 234 3938; x_wconf 93' lang='lat'>.</span> <span class='ocrx_word' id='word_1_207' title='bbox 340 3853 585 3931; x_wconf 76' lang='grc' dir='ltr'>515155ἀπόνταξ·</span> <span class='ocrx_word' id='word_1_208' title='bbox 608 3852 741 3934; x_wconf 76' lang='grc' dir='ltr'><strong><em>ξύμπαν,</em></strong></span> <span class='ocrx_word' id='word_1_209' title='bbox 765 3857 881 3920; x_wconf 86' lang='lat' dir='ltr'><strong>citanto</strong></span> <span class='ocrx_word' id='word_1_210' title='bbox 904 3855 1106 3920; x_wconf 89' lang='lat' dir='ltr'><strong>Kirohhoffio.</strong></span> 
     </span>
    </p>
   </div>
   <div class='ocr_carea' id='block_1_9' title="bbox 341 3966 1457 4503">
    <p class='ocr_par' dir='ltr' id='par_1_18' title="bbox 384 3966 1403 4055">
     <span class='ocr_line' id='line_1_30' title="bbox 384 3966 1403 4055; baseline 0 -23"><span class='ocrx_word' id='word_1_211' title='bbox 384 3966 563 4049; x_wconf 74' lang='grc' dir='ltr'><strong><em>ἀπωργάζ</em></strong></span> <span class='ocrx_word' id='word_1_212' title='bbox 570 3992 623 4033; x_wconf 82' lang='grc' dir='ltr'><strong>ειν</strong></span> <span class='ocrx_word' id='word_1_213' title='bbox 646 3969 679 4033; x_wconf 90' lang='lat'><strong>11</strong></span> <span class='ocrx_word' id='word_1_214' title='bbox 705 3971 777 4049; x_wconf 89' lang='grc'><strong>167,</strong></span> <span class='ocrx_word' id='word_1_215' title='bbox 802 3972 854 4034; x_wconf 89' lang='grc'>84.</span> <span class='ocrx_word' id='word_1_216' title='bbox 878 3967 1001 4033; x_wconf 87' lang='lat' dir='ltr'><strong>Notum</strong></span> <span class='ocrx_word' id='word_1_217' title='bbox 1024 3975 1090 4032; x_wconf 87' lang='lat' dir='ltr'><strong>erat</strong></span> <span class='ocrx_word' id='word_1_218' title='bbox 1111 3967 1239 4034; x_wconf 89' lang='lat' dir='ltr'><strong>verbum</strong></span> <span class='ocrx_word' id='word_1_219' title='bbox 1263 3970 1403 4055; x_wconf 80' lang='lat' dir='ltr'><strong>simplex.</strong></span> 
     </span>
    </p>

    <p class='ocr_par' dir='ltr' id='par_1_19' title="bbox 341 4080 1457 4503">
     <span class='ocr_line' id='line_1_31' title="bbox 386 4080 1457 4167; baseline 0.001 -21"><span class='ocrx_word' id='word_1_220' title='bbox 386 4083 598 4163; x_wconf 72' lang='grc' dir='ltr'><strong><em>ἀργνρνρως</em></strong></span> <span class='ocrx_word' id='word_1_221' title='bbox 626 4080 662 4145; x_wconf 89' lang='grc' dir='ltr'><strong>ΙΙ</strong></span> <span class='ocrx_word' id='word_1_222' title='bbox 685 4085 746 4146; x_wconf 89' lang='grc'><strong>621</strong></span> <span class='ocrx_word' id='word_1_223' title='bbox 776 4084 847 4163; x_wconf 84' lang='grc'>(555.</span> <span class='ocrx_word' id='word_1_224' title='bbox 871 4081 906 4146; x_wconf 89' lang='grc' dir='ltr'><strong>ΙΙ</strong></span> <span class='ocrx_word' id='word_1_225' title='bbox 929 4103 956 4146; x_wconf 93' lang='lat' dir='ltr'><strong>a.</strong></span> <span class='ocrx_word' id='word_1_226' title='bbox 982 4080 1016 4146; x_wconf 82' lang='lat' dir='ltr'><strong>O.</strong></span> <span class='ocrx_word' id='word_1_227' title='bbox 1040 4081 1135 4167; x_wconf 84' lang='lat' dir='ltr'><strong>init).</strong></span> <span class='ocrx_word' id='word_1_228' title='bbox 1159 4081 1323 4147; x_wconf 90' lang='lat' dir='ltr'><strong>Laudatur</strong></span> <span class='ocrx_word' id='word_1_229' title='bbox 1343 4083 1457 4166; x_wconf 88' lang='lat' dir='ltr'><strong>aliquis</strong></span> 
     </span>
     <span class='ocr_line' id='line_1_32' title="bbox 341 4195 1454 4282; baseline 0.001 -21"><span class='ocrx_word' id='word_1_230' title='bbox 341 4196 425 4281; x_wconf 90' lang='lat' dir='ltr'><strong>quod</strong></span> <span class='ocrx_word' id='word_1_231' title='bbox 459 4197 559 4262; x_wconf 80' lang='lat' dir='ltr'><strong>factus</strong></span> <span class='ocrx_word' id='word_1_232' title='bbox 592 4197 634 4262; x_wconf 90' lang='lat' dir='ltr'><strong>sit</strong></span> <span class='ocrx_word' id='word_1_233' title='bbox 670 4201 722 4261; x_wconf 79' lang='grc' dir='ltr'><strong>τοῦ</strong></span> <span class='ocrx_word' id='word_1_234' title='bbox 753 4197 851 4278; x_wconf 84' lang='grc' dir='ltr'><strong><em>ἕράνον</em></strong></span> <span class='ocrx_word' id='word_1_235' title='bbox 879 4201 931 4262; x_wconf 81' lang='grc' dir='ltr'><strong>τοῦ</strong></span> <span class='ocrx_word' id='word_1_236' title='bbox 963 4197 1176 4278; x_wconf 73' lang='grc' dir='ltr'><strong><em>ἀργνρήρων</em></strong></span> <span class='ocrx_word' id='word_1_237' title='bbox 1209 4197 1277 4282; x_wconf 89' lang='lat' dir='ltr'><strong>(sio)</strong></span> <span class='ocrx_word' id='word_1_238' title='bbox 1311 4195 1454 4277; x_wconf 71' lang='grc' dir='ltr'><strong>ἀρχηγός.</strong></span> 
     </span>
     <span class='ocr_line' id='line_1_33' title="bbox 342 4306 1455 4396; baseline -0.001 -23"><span class='ocrx_word' id='word_1_239' title='bbox 342 4308 552 4396; x_wconf 78' lang='lat' dir='ltr'><strong>Expectabam</strong></span> <span class='ocrx_word' id='word_1_240' title='bbox 584 4317 667 4376; x_wconf 88' lang='lat' dir='ltr'><strong>certe</strong></span> <span class='ocrx_word' id='word_1_241' title='bbox 698 4309 756 4373; x_wconf 88' lang='lat' dir='ltr'><strong>hoo</strong></span> <span class='ocrx_word' id='word_1_242' title='bbox 787 4317 918 4374; x_wconf 85' lang='lat' dir='ltr'><strong>accentu</strong></span> <span class='ocrx_word' id='word_1_243' title='bbox 951 4308 1140 4390; x_wconf 76' lang='grc' dir='ltr'><strong><em>ἀργνρήρονΣ,</em></strong></span> <span class='ocrx_word' id='word_1_244' title='bbox 1171 4317 1206 4374; x_wconf 90' lang='lat' dir='ltr'><strong>ut</strong></span> <span class='ocrx_word' id='word_1_245' title='bbox 1230 4315 1277 4373; x_wconf 89' lang='lat' dir='ltr'><strong>est</strong></span> <span class='ocrx_word' id='word_1_246' title='bbox 1299 4306 1455 4388; x_wconf 82' lang='grc' dir='ltr'><strong><em>χρυσήρής,</em></strong></span> 
     </span>
     <span class='ocr_line' id='line_1_34' title="bbox 342 4421 1456 4503; baseline -0.002 -16"><span class='ocrx_word' id='word_1_247' title='bbox 342 4421 498 4503; x_wconf 80' lang='grc' dir='ltr'><strong><em>χαλκήρης</em></strong></span> <span class='ocrx_word' id='word_1_248' title='bbox 519 4421 571 4503; x_wconf 79' lang='lat' dir='ltr'><strong>eh,</strong></span> <span class='ocrx_word' id='word_1_249' title='bbox 591 4422 664 4488; x_wconf 89' lang='lat' dir='ltr'><strong>lioet</strong></span> <span class='ocrx_word' id='word_1_250' title='bbox 682 4422 764 4488; x_wconf 90' lang='lat' dir='ltr'><strong>alius</strong></span> <span class='ocrx_word' id='word_1_251' title='bbox 782 4424 823 4488; x_wconf 89' lang='lat' dir='ltr'><strong>sit</strong></span> <span class='ocrx_word' id='word_1_252' title='bbox 843 4422 937 4487; x_wconf 88' lang='lat' dir='ltr'><strong>buius</strong></span> <span class='ocrx_word' id='word_1_253' title='bbox 954 4422 1180 4488; x_wconf 86' lang='lat' dir='ltr'><strong>terminationis</strong></span> <span class='ocrx_word' id='word_1_254' title='bbox 1198 4443 1283 4486; x_wconf 87' lang='lat' dir='ltr'><strong>usus.</strong></span> <span class='ocrx_word' id='word_1_255' title='bbox 1297 4421 1456 4487; x_wconf 86' lang='lat' dir='ltr'><strong>Deficiunt</strong></span> 
     </span>
    </p>
   </div>
   <div class='ocr_carea' id='block_1_10' title="bbox 0 0 1742 5142">
    <p class='ocr_par' dir='ltr' id='par_1_20' title="bbox 0 0 1742 5142">
     <span class='ocr_line' id='line_1_35' title="bbox 0 0 1742 5142; baseline 0 0"><span class='ocrx_word' id='word_1_256' title='bbox 0 0 1742 5142; x_wconf 95' lang='lat' dir='ltr'><strong> </strong></span> 
     </span>
    </p>
   </div>
  </div>
 </body>
</html>
