3476 5142
839 564 938 668 ’11

407 790 639 870 θριπήδεςας
662 789 720 854 ΤΝ
744 812 773 875 p.
801 792 863 854 262
887 796 918 856 et
942 791 1064 877 passim,
1086 813 1240 876 nusquam
1258 789 1478 858 vitiosalorma

362 903 577 983 θριπηδέςατνς.
603 903 675 967 Vid.
699 903 808 970 lexico.

407 1015 485 1084 lori.
521 1015 612 1097 Quod
646 1017 748 1100 vulgo,
781 1017 874 1080 etiem
905 1018 939 1080 in
968 1016 1082 1095 titulis,
1114 1018 1229 1084 dicitur
1252 1017 1392 1096 ἐπιβολὴν
1414 1021 1478 1084 ἐπν-

363 1127 498 1206 ilduara,
529 1130 561 1193 in
590 1130 792 1214 inscriptione
817 1129 833 1192 l
860 1129 1041 1194 6711161616
1066 1138 1113 1195 est
1136 1132 1231 1197 dordr
1253 1131 1475 1209 ἐπιβαλεῖν.

363 1242 411 1308 (11.
437 1241 529 1306 Hom.
554 1242 578 1321 β
603 1245 664 1306 192
688 1242 759 1315 6616
782 1244 928 1307 ἐπιθεῖναι.
953 1241 1032 1308 Inde
1054 1244 1153 1324 6161161,
1178 1243 1262 1327 quod
1287 1244 1367 1310 male
1386 1244 1478 1309 scribi

362 1355 443 1420 solet
453 1356 519 1420 sine
532 1357 604 1420 iota.
619 1356 784 1442 Inscriptio
797 1354 958 1420 Locrensis
970 1356 1053 1441 apud
1067 1357 1224 1422 (lacerum
1238 1379 1307 1443 pag.
1323 1359 1382 1421 116
1396 1358 1484 1422 errae*

363 1469 410 1532 For
434 1468 487 1533 rol*
510 1467 574 1536 ἕςω.
600 1467 722 1533 Priscae
741 1468 885 1533 dictionis
906 1469 1036 1555 vestigia
1057 1470 1089 1533 iu
1112 1473 1168 1534 liae
1193 1470 1262 1554 lege
1284 1469 1313 1551 (I
1335 1472 1400 1555 57),
1418 1492 1481 1554 qua

364 1589 491 1646 senatus
515 1589 649 1667 potestas
672 1580 990 1662 circumscribebatur,
1016 1589 1098 1647 recte
1121 1584 1248 1668 agnovit
1271 1583 1445 1648 Kirchhofl'.

409 1693 619 1760 Futurum.
644 1695 715 1760 Vid.
740 1695 820 1760 inlra
842 1695 901 1761 sub
924 1695 987 1760 litt.
1012 1705 1049 1761 Φ.

408 1808 568 1873 Hiatus.
601 1809 648 1874 De
678 1810 884 1874 inconstantia
914 1810 946 1875 in
979 1810 1104 1874 vitando
1129 1809 1215 1875 biatu
1241 1833 1296 1896 per
1318 1810 1479 1876 elisionem

364 1931 396 1988 et
419 1924 516 1988 crasin
543 1922 837 2004 61Νέφελνωςνκόν
861 1923 894 1986 in
919 1923 1023 1987 titulis
1048 1923 1108 1988 vid.
1131 1922 1293 1988 Wecklein
1314 1947 1344 2010 p.
1358 1928 1399 1988 49
1413 1947 1480 2010 sqq.

364 2037 532 2102 Elisionem
564 2043 742 2101 constanter
772 2035 963 2100 observatam
986 2034 1106 2100 ridebis
1128 2035 1160 2099 in
1184 2045 1373 2102 sacramento
1395 2061 1480 2102 sena·

365 2157 469 2214 torum
505 2151 744 2235 Erythraeorum
776 2148 792 2212 1
824 2153 842 2213 9
874 2162 1001 2234 excepto
1032 2149 1097 2214 οὐδὲ
1127 2149 1175 2224 ἑνί,
1207 2150 1239 2214 16
1271 2171 1333 2234 quo
1359 2151 1479 2215 hiatum

366 2265 448 2348 ipsos
471 2272 578 2348 poetas
600 2263 731 2327 comicos
753 2261 911 2327 admisisse
934 2269 1043 2326 notum
1069 2270 1126 2327 est.

411 2377 548 2458 ἰατροί.
580 2379 613 2441 ll
646 2379 738 2441 352b
762 2378 833 2458 (sec.
857 2377 907 2440 III
930 2398 961 2462 p.
984 2380 1044 2462 pr.)
1068 2375 1186 2457 πάτριόν
1209 2377 1267 2444 ἒςνν
1289 2383 1349 2449 ταῖς
1372 2376 1479 2457 ἰατροῖς

366 2491 423 2556 irai
453 2490 753 2568 δνμασνεύανσνν
784 2489 855 2555 θύειν
886 2492 926 2570 τῷ
956 2489 1129 2570 Ἀσκληπίῳ
1158 2489 1210 2554 καὶ
1233 2499 1270 2570 τῇ
1295 2489 1409 2573 ’Τγνεία
1435 2490 1481 2562 δὶς

366 2609 418 2670 τοῦ
440 2606 568 2669 ἐνιαυτοῦ
594 2603 661 2684 ὑπέρ
684 2627 716 2668 τε
738 2606 833 2666 αὐτῶν
855 2600 906 2666 καὶ
930 2607 986 2666 τῶν
1008 2602 1153 2680 σωμάτων
1178 2598 1214 2667 ὦν
1233 2601 1330 2671 irrisor
1350 2589 1478 2667 Ξαὶσαντν.

367 2715 415 2783 lb.
448 2718 539 2780 256b
573 2715 701 2780 Phidias
736 2715 873 2778 medicus
907 2713 1031 2800 publice
1068 2714 1215 2780 laudatur
1249 2723 1281 2779 et
1315 2722 1481 2779 coronatur

367 2833 476 2895 θαλλοῦ
499 2829 618 2910 armoire·
643 2829 755 2914 (304s3
778 2852 806 2893 a.
831 2827 889 2914 0.),
910 2830 994 2913 quod
1013 2828 1182 2893 ἐπιδέδωκα
1194 2828 1295 2894 ἑαυτὸν
1306 2827 1482 2906 δημοσιεύειν

367 2943 472 3025 δωρεάν
497 2944 628 3028 (gratis).

412 3056 627 3138 νέρεωσύνν,
651 3057 808 3138 ἱερεώσννα,
830 3056 978 3137 ἱερεώσατα
1001 3054 1036 3120 II
1060 3056 1120 3119 631
1147 3053 1266 3119 66636
1289 3052 1481 3137 (6116623.

369 3171 432 3233 613
467 3172 506 3250 (a.
532 3170 630 3256 confr
655 3193 682 3234 a.
706 3167 765 3254 O.).
788 3169 866 3232 Cum
891 3169 939 3233 lris
962 3170 1068 3233 formis
1091 3175 1289 3253 comparatur
1311 3167 1402 3248 liparia
1426 3189 1483 3252 pro

367 3282 452 3364 ἱερεύς
477 3285 603 3368 (insen),
627 3283 781 3365 ἁρχιέρεως
803 3281 919 3347 Herod.
944 3281 979 3346 II
1000 3282 1052 3346 37.
1073 3281 1209 3347 Koehler
1228 3280 1265 3344 ad
1289 3282 1351 3344 613
1375 3279 1483 3345 laudat

367 3396 450 3461 Keil.
471 3395 580 3460 Sched.
601 3397 699 3481 epigr.
722 3419 751 3481 p.
766 3401 807 3474 64
820 3419 885 3480 sqq.
905 3396 1076 3460 Peculiaris
1089 3417 1163 3460 usus
1175 3401 1222 3458 cst
1234 3393 1319 3459 verbi
1331 3394 1483 3474 ἱερεαῦσδαν

369 3512 402 3575 II
432 3513 494 3574 613
525 3509 578 3584 τὴν
609 3509 755 3591 ἱερωσύνην
786 3547 828 3558 -
851 3509 1007 3590 ἱερεῶσατα.
1033 3509 1215 3594 Numquam
1240 3509 1323 3572 enim
1348 3531 1366 3572 a
1389 3509 1483 3594 scrip·

368 3622 488 3688 toribus
511 3623 648 3704 ἱεροῦσθαι
671 3624 714 3687 sic
742 3630 919 3708 usurpatur.

413 3736 505 3800 Iota
529 3737 795 3821 adscriptum.
821 3734 893 3800 Vid.
918 3733 1039 3799 Wecld.
1062 3755 1092 3820 p.
1117 3736 1159 3798 45
1172 3755 1238 3818 sqq.

414 3849 589 3930 inspiciret
611 3848 628 3912 Ι
652 3851 725 3914 319.
749 3847 797 3912 Ex
819 3845 1021 3937 scriptorilpua
1044 3846 1136 3912 verbo
1162 3844 1482 3911 utiturOasaiusDio.

414 3962 648 4042 ἰκριωτῆρες,
672 3961 825 4026 166666
847 3968 988 4046 atagos
1012 3960 1098 4024 navia
1122 3958 1180 4023 ΤΝ
1206 3982 1235 4045 p.
1262 3961 1334 4025 667.
1360 3962 1433 4023 533.

414 4075 701 4162 Imperatirus.
733 4075 805 4140 Non
835 4075 899 4159 egit
931 4072 1092 4138 Wecklein
1123 4074 1155 4138 in
1179 4076 1296 4138 curis
1318 4073 1484 4158 Epigra-

370 4191 503 4278 phicis
526 4190 563 4254 de
583 4187 777 4274 sequioribus
794 4189 1046 4274 imperativornm
1068 4188 1182 4266 formis,
1201 4208 1296 4272 quere
1309 4187 1484 4269 antiquiora

370 4327 477 4370 eorum
511 4306 542 4369 in
574 4303 679 4368 titulis
710 4301 847 4388 exempla
883 4301 935 4366 hic
958 4300 1064 4366 afferre
1087 4323 1150 4366 non
1172 4297 1337 4386 gravabor:
1355 4297 1397 4361 ,ΙΙ
1422 4301 1483 4362 666

373 4419 445 4498 (361
451 4419 509 4503 16),
545 4419 587 4480 45
617 4415 832 4488 elucidatores,
863 4413 916 4479 sed
946 4412 988 4478 ib.
1020 4411 1395 4491 auerruncandorum
1421 4415 1481 4476 611
