3476 5142
580 1703 1099 1790 INTRODUOTIO.

328 2266 433 2348 Quum
470 2289 589 2353 semper
624 2265 799 2331 constiterit
832 2267 917 2331 inter
952 2289 1056 2330 omnes
1091 2289 1177 2331 verus
1216 2266 1401 2352 philologos,

284 2383 437 2466 optimum
463 2403 618 2465 quemque
642 2383 824 2468 scriptorem
848 2390 982 2445 veterem
1007 2382 1091 2445 omni
1115 2382 1261 2445 vitiorum
1286 2404 1400 2467 genere

286 2495 529 2558 contaminatum
565 2496 599 2558 ad
634 2517 689 2559 nos
720 2495 904 2582 pervenisse,
938 2495 1094 2558 arenatis
1116 2493 1189 2558 inde
1213 2493 1327 2558 litteris
1351 2493 1403 2560 ho·

287 2608 383 2672 mines
406 2608 520 2673 eruditi
540 2607 572 2672 id
593 2617 734 2692 egerunt,
756 2617 793 2673 ut
814 2609 926 2693 partim
947 2607 1107 2672 meliorum
1128 2607 1296 2672 liberorum
1319 2629 1405 2694 prae·

286 2722 364 2786 sidio
407 2731 611 2807 veterumque
653 2723 924 2807 grarnrnaticcrum
961 2721 1145 2786 testimoniis
1178 2722 1243 2786 nixi
1278 2721 1403 2806 partim,

288 2833 340 2898 ubi
371 2835 427 2898 illa
457 2836 634 2912 delicerent,
666 2837 758 2900 insita
792 2836 945 2900 humanae
968 2835 1065 2899 menti
1086 2835 1248 2917 ⁵iudicandi
1272 2842 1304 2900 et
1327 2835 1403 2899 divi·

285 2947 380 3012 nandi
414 2949 564 3013 facultate
594 2949 697 3013 confisi
729 2956 867 3012 veterum
902 2950 1016 3034 scripta
1050 2969 1169 3034 semper
1193 2947 1403 3012 emendatiora

286 3061 422 3126 ederent.
458 3061 583 3127 Mature
616 3069 719 3127 autem
743 3063 939 3126 intellectum
965 3066 1012 3127 est
1035 3063 1066 3126 in
1091 3061 1130 3125 iis
1152 3059 1397 3146 quaestionibus,

286 3195 365 3258 quae
395 3175 433 3238 ad
465 3176 695 3260 grammaticam
730 3177 932 3260 pertinerent,
964 3173 1019 3238 illa
1042 3171 1181 3238 subsidia
1200 3173 1403 3258 quantumvis

285 3289 464 3368 necessaria,
490 3289 678 3374 praestantia
701 3295 805 3352 tannen
830 3287 922 3373 longe
947 3287 1085 3372 superari
1111 3287 1203 3351 certia
1226 3293 1258 3350 et
1278 3284 1404 3350 indubi-

286 3399 436 3466 tabilibus
452 3403 628 3466 domesticis
647 3425 811 3466 numerum
834 3408 928 3486 atque
946 3401 1184 3486 inscriptionum
1203 3400 1400 3464 testimoniis.

287 3513 432 3598 Namque
461 3520 498 3578 ut
528 3521 742 3600 corruptorum
774 3514 913 3579 locorum
938 3514 1092 3579 sententia
1116 3520 1171 3578 aut
1197 3511 1332 3576 melioris
1356 3535 1404 3577 co·

286 3627 365 3692 dicis
389 3649 446 3714 ope
470 3627 587 3692 aliusve
611 3628 721 3692 veteris
746 3627 905 3713 scriptoris
930 3625 1108 3690 testimonio
1133 3631 1190 3689 aut
1212 3624 1296 3690 salici
1319 3625 1405 3690 criti·

287 3763 393 3805 corum
424 3742 593 3826 sagacitate
625 3763 768 3826 persaepe
791 3741 835 3804 ita
861 3740 1007 3804 restituta
1030 3746 1077 3804 est
1102 3745 1134 3803 et
1157 3739 1344 3818 restituitur,
1368 3743 1405 3801 ut

288 3854 396 3918 nullus
429 3855 469 3918 sit
504 3853 665 3918 dubitandi
703 3855 799 3931 locus,
831 3855 875 3917 ita
909 3854 942 3917 in
973 3851 1192 3917 constituenda
1224 3851 1401 3936 praesertim

288 3989 358 4032 vera
390 3969 552 4032 numinum
587 3969 782 4056 propriorum
814 3975 846 4032 et
875 3966 1135 4053 appellativorum
1166 3971 1404 4048 ceterorumque

288 4079 507 4146 vocabulorum
542 4083 680 4146 omnium
713 4083 810 4148 forma
836 4090 868 4146 et
891 4080 1121 4167 orthographia,
1146 4101 1225 4163 quae
1251 4085 1318 4142 tum
1345 4099 1404 4142 usu

288 4193 410 4261 valebat
442 4218 539 4281 quum
571 4197 703 4281 quisque
732 4197 862 4281 scriptur
892 4193 1032 4272 florebat,
1057 4193 1219 4258 manifesto
1241 4191 1404 4276 aliquanto

289 4309 360 4395 plus
388 4311 490 4376 valere
517 4303 640 4397 oportet
673 4310 849 4395 aequalium
876 4310 1052 4375 testimonia
1075 4330 1168 4394 quom
1193 4313 1250 4372 aut
1272 4329 1339 4372 saro
1364 4306 1405 4370 vi-

287 4424 425 4490 ventium
448 4425 717 4510 grammaticorum
737 4425 906 4510 opiniones,
927 4445 1006 4508 quos
1025 4445 1095 4488 cum
1118 4445 1209 4509 saepe
1222 4421 1314 4508 plane
1328 4420 1404 4485 lalsa

1295 4536 1308 4586 l
