3476 5142
804 617 844 681 37

266 809 412 889 oopatam
435 823 506 868 eum
530 823 585 888 per
607 824 639 866 ss
663 801 773 886 liquet,
797 809 866 867 tom
889 800 1103 866 demonstrant
1126 800 1214 867 tituli
1234 807 1383 867 etrersus

266 915 495 1002 Aristophanis,
527 916 618 981 ouius
649 914 755 980 drama
785 916 885 1001 igitur
912 937 976 982 nou
1000 924 1190 994 Τελμισσεῖς
1213 916 1266 981 sod
1289 924 1384 981 Τελε-

265 1037 392 1107 praesu
426 1028 465 1094 ab
495 1029 563 1116 ipso
594 1035 738 1094 rosatum
770 1051 845 1095 esse·
867 1027 1025 1116 probabile
1057 1029 1208 1094 existimo.
1239 1028 1381 1094 Eandem

265 1141 426 1208 Herodoto
457 1141 474 1207 I
507 1143 547 1205 78
579 1149 611 1207 57
640 1145 682 1206 48
713 1165 770 1228 pro
794 1142 892 1207 forma
915 1149 1081 1228 syncopato
1104 1141 1302 1222 reddiderim,
1327 1163 1384 1208 noo

266 1255 421 1337 Straboni,
456 1277 548 1340 quem
587 1256 665 1321 oitat
695 1254 881 1343 Stephanus,
913 1255 992 1320 XIV
1023 1278 1053 1342 p,
1091 1257 1153 1320 885
1188 1262 1219 1321 57
1253 1255 1384 1342 Polybio

266 1369 362 1434 XXII
386 1373 425 1436 27
452 1369 565 1435 formas
587 1368 743 1436 breviores
765 1393 819 1457 por
844 1378 871 1435 H
895 1392 952 1456 pro
971 1379 984 1436 1
1005 1369 1133 1435 reddere
1151 1370 1212 1435 ianr
1225 1367 1385 1436 dubitabit

265 1483 440 1568 quisquam.
471 1481 588 1548 Eodem
618 1483 695 1548 uitio
718 1483 854 1568 optimus
876 1481 971 1548 oodex
995 1481 1232 1569 Bedbigeranus
1256 1480 1385 1568 Stepha-

265 1619 342 1662 num
370 1595 515 1663 liberarit
537 1597 569 1662 in
593 1621 623 1662 v.
647 1598 895 1679 Τερμησσός,
919 1596 975 1661 ubi
999 1595 1114 1662 Aldina
1136 1617 1208 1662 oum
1233 1593 1383 1662 Vossiono

266 1709 397 1776 babebat
428 1711 631 1793 Τερμιιοέ
639 1736 671 1786 ς,
702 1732 797 1796 quam
823 1710 950 1776 formam
974 1711 1063 1775 numi
1084 1711 1241 1796 ignorent.
1265 1707 1314 1774 07.
1338 1707 1384 1774 ibi

267 1824 454 1891 Meinelrius.

309 1937 503 2020 Τέρμερο,
527 1945 730 2021 Τερμεριῑς
752 1936 770 2002 Ι
793 1939 832 2003 37
858 1943 890 2001 57
907 1936 1089 2022 logistarurn
1109 1935 1173 2002 tab.
1196 1937 1380 2001 ato-240.

268 2050 375 2137 Steph.
411 2051 559 2134 ‘Hpoborer
591 2051 622 2116 δέ
651 2051 856 2132 Τερμίλαις
885 2049 991 2122 αὐτοὺς
1021 2051 1159 2115 aare
1181 2049 1222 2130 τῷ
1244 2047 1274 2113 μ’
1300 2051 1379 2134 (oap.

270 2167 356 2249 173),
388 2166 402 2231 7
433 2167 464 2232 δέ
494 2167 631 2247 χρησμὸς
653 2167 668 2231 d
690 2164 754 2246 aspi
777 2167 874 2230 αὐτῶν
897 2163 1122 2246 Τερμιλέιιο
1143 2161 1252 2237 αὐτούς
1278 2169 1378 2246 φησιν.

267 2277 388 2344 Ultima
417 2277 509 2344 verbe
537 2279 551 2343 d
581 2279 612 2344 δέ
642 2315 686 2328 -
707 2287 798 2360 φησιν
821 2278 956 2364 optimus
979 2278 1074 2343 oodex
1097 2277 1225 2358 omittit,
1250 2274 1382 2362 etquid

265 2392 307 2457 eit
339 2392 422 2458 illud
455 2392 616 2458 oraculum
645 2392 816 2476 ignoratur.
849 2389 995 2462 Ceterum
1024 2391 1165 2458 confusio
1188 2389 1381 2476 liquidarum

266 2513 287 2570 P
315 2511 347 2572 et
376 2515 406 2572 A
429 2505 463 2570 in
486 2505 630 2572 omnibus
652 2505 770 2591 linguis
793 2505 868 2570 satis
888 2504 1034 2588 frequens
1056 2511 1114 2585 ast,
1138 2510 1312 2588 notumque
1334 2510 1381 2568 ast

263 2619 297 2684 id
318 2624 498 2702 τροινλιομοῦ
518 2641 627 2706 genus.
651 2618 815 2706 Philippus
834 2619 868 2683 iu
891 2617 971 2683 libro
993 2617 1032 2683 de
1053 2615 1185 2683 Caribus
1204 2638 1254 2702 ap.
1274 2616 1375 2682 Sobel.

264 2733 340 2800 Eur.
373 2733 466 2800 Rhea.
500 2737 573 2812 505,
605 2755 699 2818 quern
729 2733 808 2798 eitat
830 2730 1017 2809 Meinelrios,
1040 2731 1198 2816 scripsisse
1221 2729 1379 2795 creditur:

267 2848 459 2929 Τέρμερον
491 2846 544 2912 ueri
575 2845 690 2920 Λύκουρ
722 2845 861 2924 Λέλεγος
891 2843 1024 2923 potetas
1047 2843 1184 2925 θηριώδεις
1206 2843 1259 2917 τὴν
1281 2842 1381 2924 Φύσιν.

265 2961 371 3027 τούτων
395 2961 455 3047 (Μ.
480 2982 534 3045 pro
557 2961 677 3046 τοῦτον)
703 2959 734 3025 δὲ
756 2959 804 3025 τὸν
829 2958 1023 3039 Τέρμερον
1047 2957 1130 3023 πόλιν
1153 2957 1266 3032 oinium,
1290 2953 1324 3030 ἣν
1345 2957 1381 3031 tu

265 3075 320 3139 ἀπ’
351 3077 443 3140 αὑτοῦ
465 3074 656 3156 Τέρμερον
678 3073 853 3152 ὠνομάσθαι,
877 3072 930 3137 sed
954 3073 1020 3138 fieri
1042 3079 1147 3158 potest
1170 3079 1207 3137 ut
1231 3071 1380 3137 ultimum

266 3188 408 3270 Τέρμερον
431 3189 536 3274 potius
557 3188 597 3253 sit
619 3187 738 3252 librarii
762 3208 846 3252 error
871 3207 962 3271 quam
988 3186 1087 3273 ipsius
1108 3184 1258 3272 Philippi.

308 3293 565 3382 Τετροέιιοιιις.
591 3299 717 3366 Incolae
739 3307 1014 3380 Τετριιιιολεΐς
1038 3303 1185 3364 rooantur
1205 3298 1237 3362 in
1255 3297 1380 3363 deoreto

265 3414 300 3479 II
332 3418 392 3480 601
427 3417 497 3498 (seo.
531 3412 579 3478 IV
610 3417 766 3498 exeunte).
796 3416 925 3478 Praeter
957 3412 1015 3478 hoo
1046 3412 1224 3498 Stephanus
1247 3435 1264 3476 o
1287 3410 1381 3476 Faro-

266 3529 333 3594 rino
363 3529 452 3593 affort
482 3535 712 3611 Τετροιιιολῖτοιι.
736 3525 938 3608 Τετριιιιοιέες
961 3527 992 3590 iu
1014 3525 1110 3591 titulo
1130 3547 1237 3591 reeens
1256 3532 1380 3611 reperto

265 3640 396 3728 prem.
430 3641 524 3705 Aroh.
559 3641 642 3705 1878
678 3642 718 3704 14
749 3639 845 3725 Sept,
877 3639 930 3704 sed
953 3637 1128 3724 Lollingius
1151 3637 1302 3706 Mittbeil.
1327 3639 1380 3705 des

267 3757 305 3820 D.
335 3754 431 3820 Aroh.
460 3757 536 3820 lust.
562 3753 615 3818 ΙΙΙ
639 3755 658 3818 3
682 3775 711 3840 p.
737 3755 798 3817 261
823 3759 958 3818 testatur
981 3775 1045 3817 esse
1069 3760 1377 3818 ΤΕΤΡΑΠΟΛΕΙΣ.

308 3868 418 3943 Τήιοι
442 3867 478 3932 ΙΙ
502 3871 542 3934 37
566 3874 598 3934 57
619 3869 652 3932 in
677 3867 859 3953 logistarum
879 3865 998 3932 tabulis
1020 3867 1204 3932 uuo-245.
1225 3863 1280 3930 Bis
1291 3873 1378 3931 terre

265 3981 397 4066 lapioida
420 3981 528 4046 vitiose
551 3981 688 4045 exerevit
710 3989 850 4053 TEIIOI,
875 3981 896 4044 i.
918 4005 945 4044 e.
966 3981 1091 4060 Τήιοι.
1111 3977 1182 4044 vid.
1204 3981 1243 4044 37
1259 3988 1292 4044 57
1304 3981 1379 4044 240.

309 4093 546 4176 Τιιλιένδριοι
569 4094 586 4159 Ι
609 4097 648 4160 37
675 4101 707 4158 57
729 4094 790 4178 log.
815 4091 1379 4179 tab.281-244.Stepbeuusprae-

264 4216 313 4272 ter
335 4208 403 4286 hoo,
425 4207 555 4272 duoturn
579 4231 597 4272 a
619 4207 864 4288 Τήλονδρος,
888 4213 1108 4272 commeruerat
1131 4205 1278 4270 ethnioou
1303 4214 1377 4280 Τιρ-

265 4321 471 4405 λιινδρεύο.
493 4345 512 4388 a
533 4320 786 4404 Τνλοένδρειοι
809 4347 851 4381 =
875 4320 1052 4402 Τήλοινδρος.

310 4435 524 4518 Τροζιὶνιος
556 4435 592 4500 II
625 4437 688 4500 614
721 4437 761 4520 (a.
786 4437 885 4520 esaje
909 4458 936 4499 a.
960 4433 1008 4520 G.)
1032 4434 1089 4500 bis.
1114 4431 1162 4498 Oi.
1185 4430 1313 4498 dehuel.
1338 4431 1378 4496 D.
