3476 5142
837 615 874 677 ll

299 801 495 885 γραμματέα,
529 800 564 866 II
595 802 657 864 263
692 801 804 884 (ecula
835 823 862 864 a.
893 799 952 886 0.),
979 803 1018 865 lt
1042 803 1110 882 πρὸς
1132 791 1180 867 τίν
1204 800 1354 878 βασιλεία
1380 801 1415 866 II

301 918 362 979 580
400 915 512 1001 (estse
543 938 570 979 a.
603 913 649 997 O.)
682 917 700 976 2
730 921 762 977 et
794 917 811 978 8
836 915 1038 986 Ἀντικλείοιις.
1065 911 1139 979 Post
1162 915 1295 1001 priorem
1317 913 1415 979 seculi

298 1027 351 1094 Ill
385 1050 413 1092 ο.
448 1026 483 1094 C.
519 1037 638 1114 portem
673 1026 761 1092 nulla
793 1027 928 1112 amplius
962 1028 993 1092 in
1025 1027 1127 1092 titulis
1157 1028 1273 1092 Atticis
1302 1026 1415 1092 offendi

299 1141 450 1228 exemplu,
483 1142 527 1206 its
561 1148 596 1205 ut
626 1141 676 1205 hio
706 1137 860 1206 scribendi
892 1163 957 1205 mos
987 1142 1019 1205 in
1044 1140 1279 1206 desuetudinem
1306 1139 1416 1204 obiisse

297 1256 359 1320 iam
391 1255 509 1341 pridem
542 1255 693 1320 rideatur.
725 1252 857 1318 Difficile
888 1261 991 1318 autern
1023 1261 1070 1318 est
1104 1252 1144 1317 sd
1167 1252 1355 1318 credendum
1382 1255 1414 1318 in

298 1370 366 1436 istis
401 1369 562 1456 scripturis
597 1377 637 1432 El
672 1390 817 1453 umquam
857 1391 957 1433 veram
992 1367 1085 1433 fuisse
1121 1368 1350 1455 diphthongum
1385 1375 1417 1432 et

299 1483 404 1568 potius
428 1482 621 1562 crediderim,
646 1489 682 1546 ut
705 1481 766 1546 luit
789 1482 896 1546 Attica
919 1481 1074 1546 dialectos
1096 1481 1198 1547 hiatui
1221 1481 1417 1561 inimica,lit-

299 1603 396 1662 teram
419 1607 432 1660 1
456 1596 519 1660 vice
543 1596 681 1661 functam
705 1617 769 1660 esse
793 1596 1001 1672 consonantis,
1024 1617 1104 1680 quae
1125 1595 1277 1660 vocalium
1291 1615 1418 1661 concur·

299 1731 366 1774 sum
403 1710 571 1795 mitigaret,
607 1716 644 1774 ut
678 1709 731 1774 illa
765 1715 866 1774 aetate
897 1709 959 1774 lere
993 1710 1232 1794 pronuntiarent
1262 1708 1416 1796 dorejs,

300 1824 524 1910 dejoontai,
567 1824 850 1910 hidrysejons,
895 1825 1179 1911 grammateia,
1221 1825 1416 1911 basileja,

301 1959 357 2002 neo
379 1939 443 2002 lere
465 1936 576 2001 dubito
600 1936 677 2020 quin
701 1937 774 2001 olim
798 1960 834 2001 ea
858 1938 1015 2022 scriptura
1044 1937 1092 2002 hic
1112 1937 1177 2002 illic
1195 1959 1251 2023 pro
1272 1938 1417 2024 pereunti

300 2050 455 2136 digamma
474 2049 645 2115 substitute
664 2054 715 2129 sit,
728 2051 794 2136 ipsa
808 2073 887 2128 mox,
899 2073 971 2116 cum
986 2073 1080 2116 sonus
1092 2058 1170 2115 esset
1184 2051 1325 2138 perlevis,
1338 2052 1418 2138 peri·

301 2171 383 2229 tura.
405 2162 497 2244 Quod
518 2165 543 2228 si
563 2166 608 2228 ite
627 2171 683 2242 est,
704 2165 808 2250 potius
822 2163 1015 2229 scribendum
1030 2165 1124 2229 luerit
1137 2165 1288 2244 βασιλέα,
1301 2165 1416 2246 othpe-

302 2279 392 2353 οείως,
426 2288 458 2344 et
484 2279 680 2360 γραμματέα
706 2289 738 2344 et
761 2279 955 2352 Ἀντικλίιονς
977 2301 1070 2363 quam
1093 2279 1243 2358 βασιλεία,
1266 2279 1417 2361 ίὸρνπείως,

303 2401 510 2474 γραμματεῖα,
534 2393 738 2465 Ἀντικλείονς.
761 2393 809 2457 Ad
824 2391 903 2458 idem
917 2415 1016 2476 genus
1029 2402 1110 2458 recte
1123 2393 1280 2458 thlerus
1293 2392 1417 2458 rettulit

301 2505 336 2571 ΙΙ
372 2507 436 2571 814
471 2507 584 2592 (astla
620 2529 647 2570 a.
681 2503 727 2590 O.)
756 2507 979 2586 Βοικδρομιῶνος.
1013 2505 1048 2570 Il
1080 2509 1142 2570 269
1174 2507 1284 2594 (302sl
1318 2529 1346 2570 a.
1371 2505 1418 2588 Ο.)

301 2619 422 2698 ὃγδοίκς.
448 2618 484 2683 II
511 2621 569 2684 121
594 2621 703 2701 (3381,
725 2621 754 2703 ί)
776 2619 1032 2705 dupplicatum.
1047 2619 1135 2686 Nihil
1148 2621 1256 2686 horum
1271 2639 1418 2704 umquam

303 2755 320 2795 a
344 2733 444 2818 poetis
467 2733 582 2796 Atticis
606 2733 790 2818 productum
817 2739 873 2812 est,
895 2741 932 2797 ut
951 2741 1025 2798 sunt
1043 2741 1142 2806 ποιεῖν,
1158 2735 1271 2816 (ποεῖν),
1283 2739 1418 2805 τοιοῦτος,

303 2847 441 2928 (τιοῦτως)
477 2844 551 2919 corel,
587 2843 742 2925 Πειραιεύς,
777 2845 907 2920 δείλαιος,
942 2845 1012 2924 alia,
1048 2847 1081 2911 in
1111 2847 1226 2930 quibus
1259 2846 1419 2910 direrssne

299 2981 338 3022 an
372 2958 481 3022 similis
514 2958 609 3023 fuerit
641 2958 765 3022 litterae
800 2958 893 3023 istius
928 2959 1013 3044 origo
1047 2959 1100 3023 alii
1135 2961 1299 3024 dirimant.
1333 2958 1418 3040 Quid

301 3070 340 3135 de
364 3069 474 3136 horum
498 3068 718 3134 vocabulorum
741 3069 963 3158 orthographia
987 3080 1019 3136 et
1043 3072 1080 3136 de
1103 3073 1167 3146 αίεί,
1192 3071 1295 3146 αίετίς,
1319 3073 1416 3146 ἐλαία,

302 3181 383 3256 καίω,
418 3182 509 3247 κλαίω
543 3183 674 3247 doceant
708 3183 933 3270 inscriptiones,
970 3187 1044 3250 satis
1078 3185 1245 3271 diligenter
1275 3187 1419 3272 exposuit
1522 3211 1525 3221 ¹

305 3294 465 3360 Wecklein
491 3296 521 3360 in
546 3297 657 3361 curis
680 3296 987 3382 Epigraphicis.
1011 3299 1128 3364 Eodem
1154 3301 1311 3386 pertinere
1336 3300 1419 3364 ride·

302 3415 355 3473 tur
384 3407 548 3474 Homerico
579 3408 741 3495 productio
771 3411 802 3475 in
833 3407 894 3483 εἵως
921 3411 1015 3485 κλείω,
1040 3412 1142 3493 κρείων,
1168 3413 1266 3486 δείους,
1292 3412 1417 3486 σπείους,

303 3521 416 3596 λείονσι,
452 3517 520 3604 είαρ,
557 3522 704 3604 Ἑρμείας,
739 3523 839 3596 είανίς,
870 3523 939 3588 aliis
969 3525 1132 3590 sexcentis.
1159 3525 1251 3607 Quod
1274 3525 1328 3590 III
1355 3528 1417 3589 lot

302 3633 418 3720 legitur
446 3633 567 3712 αίτωμα
598 3657 652 3720 pro
681 3635 824 3713 αίέπωμα,
847 3636 978 3701 similem
1002 3659 1156 3724 syncopen
1180 3661 1267 3724 passa
1290 3648 1338 3704 est
1360 3660 1418 3704 vox

303 3749 431 3832 antique
452 3748 603 3830 αίέλοωρος,
630 3750 712 3814 unde
734 3757 844 3814 natum
868 3759 916 3815 cst
939 3749 1074 3833 αίλονρος.

350 3862 401 3946 17)
434 3861 501 3962 'Ide
524 3883 579 3944 pro
603 3861 659 3935 ωίίς
682 3861 762 3928 bona
785 3869 886 3928 aetate
909 3870 1087 3928 constanter
1109 3863 1255 3930 scribitur
1278 3865 1310 3929 in
1336 3865 1420 3930 Atti-

304 3995 409 4040 corum
445 3976 663 4055 monumentis,
698 3977 725 4040 si
760 3977 915 4060 exceperis
947 3976 1056 4041 titulos
1087 3978 1225 4062 poeticos
1248 3976 1295 4040 lv
1319 3981 1422 4046 37³0

305 4088 357 4171 (cf.
380 4086 479 4154 Thuc.
503 4085 550 4152 vl
576 4091 648 4170 54):

458 4323 564 4393 μνῆμα
582 4314 643 4380 τίδ’
667 4312 700 4390 ἧς
723 4317 820 4396 ἀρχῆς
843 4315 1030 4396 Πεισίτρατος
1055 4316 1169 4382 Ἱππίου
1191 4319 1225 4382 νί
1232 4319 1247 4382 c'
1254 4343 1269 4391 ς

460 4429 541 4502 ίίριιεν
565 4427 750 4501 ’Λπόλλωνος
774 4429 877 4494 Πνίίον
899 4431 928 4494 ἐν
950 4429 1063 4509 τεμένει
