3476 5142
868 531 909 597 78

364 715 423 783 IV.
447 715 694 782 Conclusiva
716 717 897 782 coniunctio
919 715 1435 799 unatantcmadhibetnr,scilioet

318 823 374 904 οὖν,
399 853 518 916 semper
541 832 694 910 iunctum,
719 831 780 896 nisi
801 830 901 910 fallor,
929 853 1000 895 cum
1019 827 1096 904 ὅπως
1114 831 1163 896 vel
1181 828 1257 904 ὅπως
1269 831 1364 897 alvvel
1377 829 1433 908 iva,

318 944 362 1008 ita
386 967 456 1009 vero
480 951 516 1009 nt
539 966 708 1029 numquam
732 951 868 1030 ponatur
888 952 961 1010 ante
983 943 1166 1030 particulam
1185 944 1231 1019 ato,
1244 945 1327 1030 qnod
1340 946 1435 1011 inter-

209 1093 212 1100 ·
320 1059 395 1124 dnm
419 1057 502 1143 apud
524 1059 688 1144 scriptores
708 1059 773 1123 lieri
796 1057 944 1136 videmus,
969 1058 1022 1124 sed
1045 1079 1165 1143 semper
1183 1058 1336 1124 scribatur
1357 1057 1433 1133 ὅπως

320 1172 357 1236 ἂν
379 1165 435 1236 οὖν.
458 1169 608 1236 Similiter
632 1193 695 1236 una
719 1177 844 1236 tantum
868 1178 915 1236 est
938 1172 1116 1236 coniunctio

365 1283 403 1348 V.
435 1283 718 1366 adversativa,
750 1307 861 1371 nempe
891 1284 930 1350 δέ.
956 1284 1042 1350 Ηοοο
1065 1284 1242 1351 coniunctio
1266 1285 1434 1369 interdum,

320 1397 378 1462 etsi
402 1398 563 1479 rarissime,
587 1398 730 1463 traicitur
751 1421 769 1462 a
791 1397 927 1463 secunda
946 1399 979 1463 in
1000 1399 1123 1463 tertiam
1143 1398 1246 1464 sedem
1261 1398 1358 1464 sedin
1371 1399 1435 1465 sola

321 1513 541 1599 compositione
571 1533 642 1577 cunr
673 1509 749 1585 ὅπως
779 1509 834 1579 civ:
868 1513 997 1594 11311,
1029 1515 1071 1576 42
1095 1517 1128 1576 et
1150 1513 1191 1576 50
1218 1512 1281 1596 (Ol.
1306 1515 1380 1592 128,
1403 1515 1434 1578 8.

325 1625 438 1712 acolt)
461 1625 543 1691 Add.
569 1627 660 1690 1151
683 1629 752 1706 (sec.
776 1624 823 1690 IV
845 1626 938 1710 med.)
964 1648 1008 1690 vs.
1033 1627 1075 1689 31
1094 1623 1170 1699 ὅπως
1189 1623 1225 1690 ἂν
1244 1624 1276 1691 δέ
1295 1624 1437 1714 proterea

328 1739 355 1807 δ’
382 1739 429 1815 ἄν,
452 1739 535 1825 quod
558 1739 632 1805 alibi
656 1746 833 1806 constanter
855 1740 1017 1826 reperitur.

367 1852 424 1918 VI.
459 1853 733 1939 copulativae
764 1859 839 1920 sunt
870 1853 925 1932 μέν
954 1891 1000 1902 -
1031 1852 1071 1927 δέ,
1100 1851 1175 1927 οὐδέ,
1200 1853 1286 1933 μηδέ,
1308 1853 1373 1918 οὔτε
1394 1891 1436 1902 —-

324 1967 399 2042 οὔτε,
424 1967 502 2046 μήτε
522 2005 567 2016 -
589 1969 676 2047 μήτε,
701 1968 753 2033 κοί
773 1975 804 2034 et
825 1992 859 2033 τε
880 2005 924 2016 -
947 1967 1006 2043 ccl,

366 2080 444 2146 VIL
476 2081 768 2147 Disiunctivae
799 2087 875 2146 sunt
905 2079 933 2156 ἦ,
964 2079 1049 2154 ἥ·-
1071 2079 1099 2156 sl,
1123 2078 1180 2147 alva
1202 2119 1246 2131 -
1268 2081 1295 2158 ἥ.
1321 2079 1438 2161 Huius,

323 2195 397 2280 qnia
425 2194 525 2260 rarius
549 2195 712 2280 reperitur,
738 2193 912 2280 exemplum
936 2193 1107 2259 adscribam
1129 2195 1145 2260 I
1167 2197 1228 2259 40:
1251 2193 1331 2259 alra
1354 2193 1439 2277 Φάρον

248 2287 251 2298 ’
323 2308 399 2372 δοκεῖ
426 2307 543 2374 τάττειν
572 2307 621 2372 τὸν
653 2308 744 2387 δῆμον
774 2307 885 2373 αὐτίκα
915 2305 1004 2386 μάλα
1033 2303 1199 2389 ἣέξορκεῐν
1221 2308 1322 2382 αὐτοῖς
1345 2315 1440 2373 τελεῖν
1479 2315 1482 2321 ’

323 2419 386 2486 ὅσον
417 2430 454 2503 τῇ
487 2421 537 2502 θεῷ
568 2422 627 2486 ἀπὸ
657 2426 708 2487 τοῦ
731 2419 820 2503 Φόρου
842 2421 982 2500 ἐγίγνετο,
1005 2419 1034 2487 ὃν
1057 2429 1119 2496 τοῖς
1141 2421 1280 2504 προτέροις
1302 2425 1439 2498 1121111-

326 2534 413 2608 νοίοις
435 2532 603 2616 ἕτετοὶχοτο
625 2535 720 2618 <cipro
743 2536 802 2600 κτὲ.

368 2646 462 2712 VIII.
484 2648 575 2716 Com
585 2649 798 2734 parativae
818 2655 893 2713 snut
904 2651 951 2723 ὥς,
965 2647 1067 2730 ὥσπερ,
1080 2649 1167 2730 mici,
1180 2647 1319 2730 καθάπερ,
1331 2649 1440 2715 καθότι.

369 2761 624 2826 Particulam
648 2761 766 2827 nullam
791 2761 993 2828 animadverti
1016 2762 1050 2826 iu
1072 2762 1176 2826 titulis
1195 2768 1316 2847 praeter
1338 2762 1441 2829 condi·

325 2875 474 2940 tionalem
503 2873 540 2940 ἄν
568 2882 600 2939 et
630 2874 843 2940 affirmativam
873 2876 906 2952 11
941 2876 973 2940 in
1003 2875 1145 2940 formulis
1176 2875 1381 2940 iurisiurandi
1406 2875 1439 2947 vir

324 2988 373 3053 τὸν
407 2987 476 3062 Alc,
507 2987 540 3061 νὴ
571 2988 624 3061 τὴν
654 2987 813 3062 Ἀθηναίων,
845 2987 878 3061 νὴ
907 2990 956 3054 τὸν
986 2987 1121 3060 Ποσειδῶ.
1145 2987 1178 3060 νὴ
1202 2989 1254 3061 τὴν
1281 2987 1439 3068 Δήμητρα.

326 3099 399 3166 vid.
431 3123 459 3165 v.
490 3122 516 3164 c.
549 3100 600 3165 tit.
624 3122 683 3166 sec.
708 3100 756 3164 IV
779 3101 916 3166 Mitth.
940 3100 971 3165 d.
995 3101 1110 3166 Arch.
1135 3099 1238 3166 luat.
1263 3102 1297 3165 II
1321 3103 1351 3182 2,
1377 3101 1441 3164 144

328 3238 370 3279 vs.
396 3216 435 3279 61
449 3236 494 3299 sq.
519 3217 559 3279 80
573 3236 619 3299 sq.
643 3214 699 3281 Mat
723 3223 755 3280 et
777 3214 826 3280 val
850 3213 898 3295 μοὶ
920 3237 983 3282 non
1005 3215 1212 3301 reperiuntur.
1297 3277 1303 3291 ,
