3476 5142
893 568 911 630 2

343 751 506 818 tradidisse
530 758 599 818 tum
622 775 686 818 uon
708 775 777 819 rsro
800 754 972 820 recentiore
996 776 1056 820 usu
1080 754 1225 841 deceptos
1244 779 1309 821 esse
1328 761 1457 837 constat,

343 873 399 932 aut
422 869 616 934 acutissimae
641 869 888 934 doctissimorum
913 869 1075 935 hominum
1095 869 1197 936 fallaci
1213 859 1371 936 interdum
1390 893 1460 936 sna·

342 981 442 1066 legiae
466 988 697 1068 superstructae
721 983 926 1048 coniecturae.

388 1093 568 1160 Ostendunt
590 1119 661 1160 vero
685 1096 901 1182 inscriptiones
922 1097 1066 1181 (quarum
1086 1097 1119 1162 in
1139 1097 1198 1164 boc
1210 1120 1321 1184 genere
1334 1097 1457 1164 utilitas

342 1215 460 1292 quanto
483 1209 607 1294 lougius
629 1215 736 1296 petest
758 1232 852 1295 quem
870 1233 1036 1277 numerum
1057 1211 1149 1276 etiarn
1170 1235 1219 1276 mc
1239 1219 1363 1278 tecente
1383 1213 1458 1278 setis

342 1321 540 1408 intelligitur)
567 1345 628 1387 uon
653 1330 775 1387 tantum
800 1323 939 1388 floreatis
961 1324 1087 1409 linguae
1110 1323 1321 1410 persingulas
1341 1331 1458 1388 aetates

343 1435 580 1516 vicissitudines,
612 1437 665 1500 sed
697 1438 789 1501 etiam
823 1435 906 1501 baud
937 1438 1109 1523 spernenda
1139 1436 1253 1503 indicia
1283 1439 1454 1516 continent,

341 1549 456 1633 quibus
487 1550 549 1614 lere
572 1551 767 1636 temporibus
791 1550 870 1614 bone
893 1573 961 1636 pars
981 1552 1159 1616 vitioserum
1179 1552 1357 1632 formarum,
1378 1573 1457 1635 quse

342 1685 403 1727 non
434 1659 533 1728 solum
564 1663 646 1749 aputl
679 1665 836 1748 sequiores
859 1665 1023 1750 scriptores
1046 1665 1205 1750 leguntur,
1232 1661 1454 1730 verumetiam

340 1777 556 1861 antiquissimo
587 1785 619 1842 et
650 1779 767 1863 optimo
799 1779 912 1863 cuique
934 1785 1072 1848 veterum
1095 1802 1113 1842 a
1135 1779 1270 1844 librariis
1294 1802 1383 1865 saepe
1406 1778 1459 1844 ob·

341 1899 446 1955 trusae
479 1898 564 1967 suut,
600 1891 807 1957 increbescere
842 1893 1010 1978 coeperint,
1046 1916 1103 1958 uec
1138 1915 1218 1966 vero,
1242 1893 1393 1958 deliciunt
1423 1892 1456 1956 in

340 2004 457 2082 iisdem,
484 2007 616 2070 rusticae
651 2004 853 2092 plebeiseque
889 2007 937 2072 vel
970 2006 1050 2071 bona
1085 2013 1196 2085 aetate,
1232 2013 1269 2072 ut
1302 2006 1457 2092 expectari

341 2125 473 2206 poterat,
505 2120 771 2206 pronuntiationis
795 2143 907 2186 ususve
931 2121 1069 2206 vestigia.

384 2231 448 2298 Diu
479 2239 527 2298 est
557 2256 594 2298 ex
621 2255 684 2318 quo
707 2233 766 2300 hoc
788 2240 1060 2300 monumentorum
1082 2256 1181 2319 genas
1204 2234 1236 2299 iu
1260 2234 1363 2300 lucem
1389 2255 1457 2320 pro·

340 2345 421 2410 trabi
455 2352 599 2433 coeptum
623 2353 680 2425 est,
704 2345 756 2412 sed
779 2347 930 2432 quamdiu
955 2348 987 2412 iu
1010 2337 1154 2433 plurimis
1177 2346 1265 2412 libris
1287 2347 1452 2434 seperatim

339 2482 396 2524 nec
428 2460 502 2526 satis
536 2460 704 2545 diligenter
735 2460 818 2524 edita
850 2483 947 2546 paene
978 2459 1209 2539 delitescebant,
1232 2459 1450 2546 grammaticae

340 2573 475 2638 Graecae
504 2573 594 2655 (hauc
617 2575 699 2638 enim
723 2573 818 2638 solem
843 2596 927 2638 nunc
950 2575 1066 2660 specto)
1088 2573 1220 2658 exiguus
1244 2580 1320 2654 erat,
1346 2578 1455 2659 utpote

340 2665 376 2750 et
406 2685 559 2754 difficilior
590 2694 622 2752 et
653 2688 809 2765 incertior,
833 2687 943 2752 horum
966 2709 1061 2774 opum
1085 2691 1158 2752 usus
1180 2687 1375 2771 fractusque,
1400 2686 1456 2770 qui

340 2799 469 2866 mirifice
500 2807 610 2866 auctus
640 2807 687 2866 est
709 2807 907 2888 posteaquem
931 2821 1089 2866 accusans
1112 2821 1291 2866 noacnrrrns
1315 2797 1456 2866 condidit

340 2913 513 2978 immortale
547 2913 760 3000 suum'opus,
794 2913 878 2998 quod
927 2912 1085 3001 Corpus
1124 2912 1455 3000 Inscriptionnm
1525 2897 1530 2912 ⁸

340 3024 585 3092 Graecarum
616 3027 809 3094 inscribitur.
850 3025 962 3093 Verum
987 3027 1068 3093 enim
1094 3050 1165 3092 vero
1189 3026 1294 3113 isqui
1318 3027 1455 3092 Atticam

339 3139 519 3220 dialectum,
543 3163 605 3226 que
627 3141 720 3228 longe
741 3142 905 3229 plerosque
930 3147 962 3206 et
983 3142 1118 3229 optimos
1141 3139 1455 3228 scriptoresGrsecos

339 3276 411 3320 usos
434 3278 498 3320 esse
522 3276 612 3320 nemo
634 3255 769 3340 ignoret,
792 3256 968 3320 accuratius
991 3276 1175 3342 cognoscere
1197 3255 1296 3341 cupit,
1311 3253 1412 3320 molto
1425 3262 1458 3320 et

339 3368 529 3434 commodius
560 3376 591 3434 et
622 3369 734 3434 melius
764 3368 907 3433 consulet
936 3367 1092 3456 Corpus
1123 3368 1457 3455 Inscriptionnm

341 3483 590 3560 Atticarum,
621 3481 706 3565 quod
736 3481 904 3548 sumtibus.
925 3481 1109 3546 Academiae
1139 3480 1254 3566 Regiae
1276 3479 1456 3546 Berussicae

338 3593 410 3660 intle
433 3593 471 3658 ab
490 3616 518 3659 a.
542 3596 626 3660 1873
645 3616 752 3659 curere
772 3595 874 3680 coepit
893 3612 1057 3659 anonrnns
1069 3613 1316 3673 nracnnorsrus,
1328 3593 1455 3658 adiutus
1512 3672 1514 3683 Ι

339 3731 357 3774 a
386 3709 464 3774 viris
487 3708 674 3774 doctissimis
691 3727 861 3774 rennuere
885 3715 1208 3786 etnrrrnnsnnenno,
1231 3729 1327 3793 que,
1351 3712 1389 3772 nt
1410 3707 1455 3793 ip·

338 3822 404 3888 eius
427 3821 554 3887 editoris
574 3820 674 3886 verbis
699 3828 780 3902 utar,
801 3828 841 3886 ot
864 3819 1156 3887 Boeckhienae
1177 3819 1458 3886 collectionis

339 3935 464 3999 tituli
501 3935 625 4022 (Attici)
662 3934 794 4000 denuo
829 3935 1031 4002 recensiti
1069 3956 1203 4000 omnes
1236 3941 1277 3999 ot
1311 3955 1458 3999 recens

339 4055 617 4133 quotcumque
661 4055 934 4115 secesserunt
978 4048 1018 4114 in
1066 4069 1189 4114 nnom
1234 4046 1457 4114 coniuncti

339 4162 676 4228 continerentur.
700 4161 791 4248 Opus
814 4162 858 4227 sic
881 4160 1016 4226 divisum
1040 4169 1077 4225 ut
1096 4161 1195 4247 prims
1217 4182 1287 4246 pars
1307 4158 1456 4246 complec-

339 4283 458 4340 teretur
477 4275 693 4362 inscriptiones
712 4275 841 4342 Euclide
862 4275 1056 4352 vetustiores,
1077 4273 1212 4340 secunde
1223 4271 1454 4358 insequentium

337 4387 513 4454 seculorum
535 4396 737 4454 monumenta
760 4387 798 4452 ad
822 4389 958 4474 Augusti
982 4409 1081 4472 usque
1105 4394 1255 4472 tempore,
1280 4387 1377 4450 tertis
1403 4386 1461 4450 im·
