3476 5142
813 577 854 638 96

319 763 574 843 Διοσιιορίδιος
606 783 668 827 non
692 762 791 846 magis
814 783 905 846 quam
932 760 1134 843 Διόσκοροι
1160 763 1252 847 (quae
1275 761 1390 828 formae

272 875 379 962 procul
409 874 506 940 dubio
532 875 614 960 apud
640 875 761 940 Atticos
784 874 975 958 antiquiores
998 879 1085 960 sunt)
1110 875 1142 940 in
1166 876 1391 960 antiquissimip

229 1033 234 1041 -
272 989 375 1056 titulis
409 991 573 1076 reperitur.
607 988 747 1053 Primum
782 989 918 1054 occurrit
950 989 1179 1069 Διοσκουρίδης
1208 992 1240 1054 II
1272 993 1313 1054 66
1346 991 1389 1077 (a.

274 1104 372 1190 totle
404 1126 432 1168 a.
462 1103 521 1186 G.)‚
553 1103 606 1168 scd
638 1103 664 1167 is
688 1109 754 1166 crat
776 1101 958 1176 Νεαπολίτης
981 1125 998 1166 c
1020 1101 1159 1167 Thracia.
1185 1101 1254 1168 Hoc
1276 1125 1390 1170 nornen

273 1218 306 1282 in
339 1218 446 1282 Attica
469 1217 603 1302 primurn
627 1217 746 1302 reperio
770 1216 802 1280 in
825 1216 876 1280 tit.
901 1217 933 1280 Il
959 1219 1022 1280 465
1046 1218 1090 1300 (II
1112 1237 1139 1280 a.
1164 1215 1236 1282 Chr.
1259 1217 1390 1302 seculo),

274 1333 325 1395 96.
350 1329 452 1395 orn
476 1332 551 1410 466,
577 1331 629 1394 66.
654 1331 728 1406 467,
753 1331 805 1393 41.

319 1451 414 1518 Διῆς
436 1445 469 1510 εἰι
492 1445 555 1508 sive
579 1444 638 1509 ἀπὸ
660 1448 711 1508 τοῦ
734 1440 815 1508 ”Ado
834 1449 1013 1508 constanter
1024 1443 1172 1509 dicuntur
1185 1445 1200 1508 1
1213 1445 1266 1509 67.
1281 1447 1389 1508 929-

272 1559 346 1623 959.
377 1557 449 1638 Quo
481 1557 654 1624 confirmari
677 1557 800 1622 videtur
824 1579 891 1622 urea
914 1556 1090 1622 emendatio
1113 1557 1172 1623 loci
1195 1557 1390 1644 Thucydidei

273 1669 376 1752 Vbb,
404 1675 432 1738 1.

314 1788 488 1861 ΕΞκοιδιῑς
518 1788 551 1851 11
583 1789 645 1851 609
678 1788 718 1869 (a.
750 1787 873 1873 tasse),
899 1785 992 1851 iidem
1017 1807 1094 1870 quos
1119 1786 1300 1852 Athenaeus
1325 1783 1387 1852 VH

273 1923 303 1987 p.
328 1903 391 1964 998
416 1899 445 1964 D
469 1906 557 1966 vocat
579 1898 751 1973 Εἰκοδισοὶς,
774 1899 795 1962 i.
822 1921 848 1964 e.
874 1898 1071 1985 Epicuraeos‚
1095 1899 1150 1984 qui
1174 1898 1256 1964 diem
1280 1899 1387 1964 vicesi-

273 2036 357 2079 mum
395 2015 517 2094 mensis,
553 2036 616 2099 quo
650 2013 774 2079 scholae
803 2013 945 2080 conditor
975 2019 1118 2079 mortuus
1150 2020 1228 2093 erat,
1252 2013 1389 2080 rollanni

275 2128 414 2193 convivio
438 2126 644 2193 celebrabant.

316 2242 504 2314 Εἰσεοιῖος
537 2242 553 2304 1
586 2241 660 2306 169.
686 2239 759 2306 976.
784 2239 915 2304 11696.
941 2241 1015 2304 446.
1039 2237 1123 2304 alibi.
1148 2238 1195 2304 De
1217 2240 1389 2306 recentiore

272 2353 369 2419 lorma
392 2375 446 2440 per
469 2353 605 2418 vocalem
628 2354 644 2417 I
667 2351 735 2416 vide
759 2374 839 2436 quac
863 2373 956 2438 snpra
975 2352 1041 2416 dixi
1060 2373 1090 2438 p.
1106 2350 1387 2419 7.Hanctautum-

272 2467 363 2532 modo
403 2468 549 2550 cognovit
589 2465 765 2551 Stephanos
799 2487 822 2528 a.
855 2487 883 2530 v.
919 2464 1051 2554 Ἰσέοι,
1076 2465 1131 2550 qui
1167 2464 1261 2530 habet
1294 2465 1388 2544 δῆμος

272 2588 325 2655 σῆς
355 2579 584 2658 Ἀκαμαντίδος
619 2584 726 2660 φυλῆς.
759 2576 772 2644 ὃ
801 2577 932 2656 δημότης
960 2579 1134 2651 Ἰτεοοΐος.
1169 2579 1326 2660 Ανδροσίοιν
1358 2579 1389 2646 δὲ

271 2691 474 2774 τρισυλλάβως
516 2689 585 2774 ἔφη.
626 2691 802 2756 Androtion
837 2692 971 2764 Εέτεοοῖος
1003 2692 1108 2778 potius
1142 2713 1235 2776 quam
1267 2693 1386 2766 ΕΞσοοῖος

272 2813 304 2872 et
337 2807 382 2872 sic
414 2805 520 2892 potius
553 2827 644 2889 quarn
678 2802 821 2878 Ἰσοιΐος
850 2805 1006 2890 scripsisse
1033 2805 1111 2870 mihi
1140 2804 1274 2872 videtur.
1305 2804 1389 2870 Nam

272 2920 368 2984 forma
391 2919 604 3006 personalem
629 2918 832 2994 Androtionc,
856 2919 882 2983 si
906 2918 1011 2984 titulis
1034 2918 1119 2997 fides,
1144 2918 1306 3003 aliquanto
1327 2919 1389 2984 tuit

271 3033 432 3098 recentior.

314 3145 554 3212 Ἐλαιούσιοι
589 3147 616 3211 11
654 3147 693 3211 17
728 3144 767 3210 ab
797 3146 941 3220 Ἐλοοιοῦς.
976 3144 1092 3212 Contra
1122 3145 1386 3213 Ἐλοοιοόσσιοι

270 3259 310 3324 ab
333 3261 587 3326 Ἐλοοιοῦσσοι.
615 3259 683 3325 Vid.
708 3259 816 3344 Steph.

314 3376 350 3440 ’E
359 3400 374 3456 ρ
381 3398 423 3456 χι
433 3382 475 3451 ἥς
493 3377 519 3439 Ι.
542 3378 616 3440 119.
637 3377 700 3440 188
720 3382 752 3440 et
765 3375 810 3440 ita
821 3381 928 3460 postea
940 3398 1065 3461 quoque
1078 3381 1264 3441 constonter.
1279 3375 1386 3462 Steph.

273 3486 419 3569 Ἐρχιοέ
449 3488 560 3572 (Mein.
593 3487 689 3554 Codd.
722 3489 855 3570 Ἐρεχίοο,
880 3489 1031 3575 Ἐρεχθέος)
1055 3489 1148 3568 δῆμος
1170 3496 1224 3564 τῆς
1248 3489 1389 3564 Ἀττικῆς

270 3609 323 3676 τῆς
353 3602 497 3680 Αἰγηίδος
525 3581 633 3684 Φολῖις.
665 3601 870 3684 τρισυλλάβως
893 3603 924 3667 δὲ
946 3602 1014 3674 σοὺς
1036 3603 1161 3683 Ἐρχιοῖς
1188 3601 1288 3684 (codd.
1303 3601 1388 3684 Ἐρε·

270 3714 353 3795 χίοος,
384 3715 563 3802 Ἐρεχθέος)
597 3717 690 3798 <paulu
713 3717 772 3782 κσὲ.
798 3717 940 3780 Formam
966 3715 1134 3797 Ἐρχιοὶδοιι,
1161 3738 1251 3800 quarn
1277 3715 1388 3782 Suidas

270 3835 498 3910 commemorat,
530 3837 593 3894 taur
624 3831 678 3894 ille
702 3851 795 3913 quarn
820 3831 906 3895 tituli
930 3831 1085 3916 ignorant.
1110 3828 1265 3895 Aduerbio
1287 3829 1389 3895 demo·

271 3944 333 4007 tica
357 3945 418 4027 (ap.
432 3941 550 4028 Steph.)
564 3943 729 4023 Ἐρχιοῖθοο,
742 3943 897 4023 Ἐρχιοῖζε,
910 3944 1064 4023 Ἐρχιοῖσιν
1076 3944 1108 4008 in
1121 3943 1223 4008 titulis
1236 3964 1298 4008 nou
1311 3943 1383 4008 vidi.

314 4055 555 4137 Ἐρχομειὸς.
581 4057 631 4120 Sic
653 4055 797 4120 Boeotico
821 4055 894 4121 urbs
918 4055 1089 4134 dicebatur,
1114 4079 1207 4140 quarn
1231 4056 1386 4142 appellare

271 4169 404 4234 solemus
436 4167 692 4251 Ὀρχομενόν,
717 4169 845 4234 Hesiod.
869 4169 905 4233 l'r.
933 4172 973 4233 lb
999 4177 1031 4234 et
1053 4170 1144 4236 inser.
1169 4169 1277 4234 Boeot.
1303 4169 1387 4254 apud

270 4279 425 4346 Cancrum
460 4303 490 4368 p.
526 4273 602 4346 160.
638 4281 710 4346 Nou
741 4283 833 4346 aliter
863 4281 970 4346 urbem
1005 4281 1182 4366 antiquitus
1215 4281 1386 4368 appellasse

276 4395 482 4461 Athenienses
516 4400 644 4482 apparet
676 4417 713 4460 ex
747 4393 843 4462 titulo
872 4397 906 4460 11
938 4397 977 4460 61
1010 4395 1074 4480 (01.
1100 4397 1173 4474 160,
1196 4398 1240 4482 4),
1264 4394 1319 4460 ubi
1341 4400 1389 4460 est
