3476 5142
833 607 871 670 27

294 805 330 868 Σ,
360 817 456 880 quare
492 793 650 880 Stephano
682 792 808 858 reddere
839 815 902 857 non
934 791 1076 858 dubitem
1101 792 1283 874 Κνρησθς,
1307 802 1414 874 Κορη-

293 907 422 983 σθτης,
447 909 629 990 Κνρησθς,
654 905 861 988 Κνρηνεθς,
885 908 1060 988 Κνρησθν.

339 1023 509 1104 Κθρκυρνν
533 1024 548 1086 Ι
573 1025 646 1100 179,
674 1029 709 1085 ut
733 1027 911 1084 constanter
923 1019 1070 1084 exhibent
1082 1020 1219 1105 ipsorum
1234 1019 1415 1105 Corcyraeo·

295 1156 364 1199 rum
388 1135 486 1200 numi.
511 1134 606 1199 Plura
630 1135 692 1199 rid.
715 1135 748 1198 in
773 1133 963 1220 praefatione
988 1155 1054 1196 rnea
1074 1131 1415 1218 odThucyd.vol.III.
1459 1111 1461 1116 Ι

341 1246 593 1320 Κυδωνιάτης
616 1249 631 1311 Ι
657 1248 735 1312 403.
759 1245 936 1332 Stephanus
962 1253 1118 1332 praeterea
1145 1246 1293 1319 Reddatur,
1318 1246 1416 1310 Κυδω-

297 1368 389 1433 νννῖυς,
416 1361 574 1432 Κυδωννκθς
597 1359 676 1440 adalp.

342 1474 545 1556 Κυθηρρννς
568 1472 603 1536 ΙΙ
631 1475 695 1536 554
718 1473 837 1558 (paullo
857 1479 927 1558 post
948 1471 1135 1556 Euclidem).
1154 1471 1330 1557 Stephanus
1351 1471 1416 1538 Κθ-

298 1591 425 1669 θηρυς,
458 1589 471 1652 d
503 1585 634 1665 δημθτης
660 1587 858 1667 Κυθήριος.
882 1588 915 1652 τὸ
936 1585 1042 1652 conrad
1067 1585 1276 1668 Κυθηρόθεν
1302 1589 1417 1661 Κυθη-

297 1702 411 1783 ρθνδε.
433 1701 531 1766 Mein.
553 1700 676 1766 addidit
695 1703 869 1780 Κυθηρνῖ.
883 1699 1024 1763 Fortasse
1042 1721 1101 1764 non
1115 1700 1153 1764 de
1166 1699 1264 1764 nihilo
1276 1699 1417 1783 estquod

297 1817 438 1901 optimos
460 1815 592 1899 Redhig.
617 1813 710 1878 habet
731 1812 937 1894 Κθθηρρνς,
961 1835 1023 1898 quo
1047 1821 1170 1898 recepto
1193 1813 1296 1877 nescio
1320 1836 1359 1878 an
1385 1813 1418 1879 in

298 1928 426 2012 reliquis
459 1926 646 2012 duplicanda
681 1927 722 1992 sit
753 1927 889 2010 liquida;
924 1949 980 1991 nee
1011 1928 1114 1990 minus
1145 1925 1246 1990 Strab.
1270 1928 1319 1990 IX
1343 1927 1417 1991 307.

300 2041 350 2107 sie
380 2044 478 2107 Inscr.
506 2041 586 2106 Nar.
611 2065 660 2128 ap.
684 2041 818 2106 Boeclrh.
843 2040 900 2104 Xe
924 2045 964 2105 05
989 2048 1037 2106 est
1060 2041 1264 2122 Κυθθρρννς
1289 2047 1321 2104 et
1343 2042 1419 2106 XId

302 2157 353 2236 25,
378 2156 581 2238 Κυθηρρινς
604 2155 617 2219 θ
641 2155 836 2237 προσοφείλων
860 2155 921 2220 elad
943 2163 997 2229 τῆς
1022 2155 1228 2236 Κυθηρίας,
1253 2153 1306 2220 ubi
1332 2156 1419 2220 navis

301 2292 415 2334 nomen
440 2277 476 2334 nt
499 2292 553 2355 par
577 2277 625 2334 est
647 2291 709 2333 uno
733 2279 754 2332 P
778 2268 935 2333 scribitur.
960 2267 1007 2333 Cf.
1031 2269 1137 2334 XIVe
1162 2271 1212 2334 70.
1238 2271 1290 2332 89.
1316 2272 1368 2333 95.

344 2382 598 2455 Κνλλθνδννι,
635 2381 874 2447 Κυλλθντνυν
905 2384 920 2446 Ι
953 2384 1005 2447 at.
1031 2385 1216 2448 220-233.
1241 2381 1419 2468 Stephanus

301 2494 495 2568 Κυλλννδεθς.
532 2493 579 2559 Of.
608 2495 834 2576 Μηκυβερννιῖυι,
868 2504 1103 2577 Μηκυπερνηΐννη
1135 2496 1312 2577 hudperto,
1336 2497 1419 2574 ’Λμ-

301 2632 420 2690 πρκκνυ.

346 2722 580 2807 Λαμπτρεύς
607 2725 624 2788 Ι
649 2723 709 2787 117
735 2745 779 2806 sq.
807 2725 879 2801 141,
906 2724 979 2787 157.
1006 2727 1067 2788 102
1094 2733 1126 2788 et
1149 2726 1193 2788 ite
1217 2731 1324 2811 postea
1347 2747 1422 2810 quo·

302 2860 364 2923 que
386 2859 506 2902 summa
529 2837 712 2901 constantia.
738 2835 835 2901 Oodd.
860 2858 950 2922 saepe
973 2837 1197 2920 Λνμπρεθς.

348 2951 608 3028 harundineta,
639 2957 916 3027 Ανμπυνενῆς,
947 2959 1174 3028 Λνμπυνῆς
1197 2953 1212 3015 Ι
1237 2952 1289 3017 37.
1315 2955 1423 3016 220-

308 3067 382 3129 259.
416 3062 593 3148 Stephauus
627 3062 884 3141 Λυμπωνεθς.
920 3064 1093 3136 Ἐλληνικὸς
1128 3064 1159 3128 δὲ
1183 3065 1424 3143 Λαμπώνιον

304 3177 397 3252 adeda
420 3183 494 3259 Φησν
518 3177 567 3243 recl
589 3178 622 3243 τὸ
642 3178 745 3242 ἐθνννθν
770 3177 1048 3255 Λνμπωννεθς.
1073 3179 1140 3243 Nec
1160 3199 1233 3243 sane
1254 3179 1422 3264 exregula,

304 3313 397 3376 qoem
428 3291 533 3376 posuit
564 3315 587 3356 s.
612 3314 677 3355 voe.
702 3289 811 3369 Alaea,
836 3290 966 3376 probare
991 3294 1097 3377 potuit
1120 3294 1420 3372 Λυμπυνενεθς.

305 3403 433 3468 Veteres
457 3404 664 3468 Athenienses
688 3405 790 3468 minus
809 3403 981 3470 fastidiosos
1002 3405 1095 3470 luisse
1115 3415 1253 3493 apparet.
1274 3405 1321 3470 cf.
1342 3407 1422 3471 inlra

305 3527 544 3599 Μυρυνενῆς.

349 3632 522 3703 Λευντθς
546 3633 561 3695 Ι
587 3635 637 3695 21.
665 3633 737 3696 188.
764 3634 837 3696 273.
865 3634 938 3698 318.
965 3635 1038 3697 324.
1064 3636 1139 3700 440.
1163 3636 1237 3699 447.
1263 3632 1310 3696 Ex
1334 3633 1423 3698 nulla

306 3743 416 3810 harum
439 3745 675 3830 inscriptionum
701 3745 770 3808 sciri
795 3753 898 3829 potest
922 3752 1027 3810 utrum
1053 3755 1245 3812 ΛΕΟΝΤΙΣ
1269 3747 1422 3832 significet

306 3858 435 3935 Λευντίς,
446 3865 482 3921 ut
494 3855 583 3921 edere
597 3858 715 3943 placuit
727 3857 929 3936 Kirchhoffio,
939 3881 978 3923 en
992 3860 1128 3952 Aepy-ric,
1138 3861 1220 3944 quod
1232 3861 1306 3944 quin
1318 3881 1422 3924 verum

306 3975 350 4036 sit
373 3993 435 4036 non
456 3969 577 4049 dubito,
599 3979 762 4057 propterca
782 3972 866 4056 quod
884 3975 1002 4058 primus
1022 3975 1136 4040 titulus
1156 3983 1227 4061 post
1247 3974 1422 4053 Euclidem,

306 4085 425 4170 inquo
449 4083 524 4148 haec
547 4084 648 4150 trihus
670 4093 871 4164 memorator,
895 4089 927 4150 ll
955 4089 1014 4151 111
1044 4088 1107 4170 (01.
1135 4090 1207 4154 103.
1233 4092 1308 4152 4-.-.
1323 4090 1426 4174 34574

307 4221 335 4263 a.
360 4198 408 4284 O.)
429 4199 554 4264 exhibet
575 4201 1030 4285 nunnu1[oo>:.simiriter
1051 4202 1101 4266 01.
1128 4179 1198 4281 lla,
1213 4203 1232 4264 a
1247 4229 1287 4261 =
1302 4203 1424 4288 330729

308 4337 334 4377 a.
371 4312 406 4377 C.
442 4314 491 4378 tit.
528 4314 560 4377 Il
598 4314 671 4378 176.
706 4313 751 4378 Ol.
777 4316 807 4378 Il
833 4319 896 4378 324
922 4315 963 4401 (a.
989 4317 1089 4400 27675
1113 4341 1140 4380 a.
1165 4313 1224 4400 0.).
1250 4319 1323 4380 330.
1350 4317 1423 4379 335.

310 4427 384 4493 340.
420 4429 494 4494 434.
532 4429 606 4492 435.
642 4430 717 4492 444.
749 4431 824 4493 445.
851 4431 890 4510 (a.
917 4430 979 4495 100
1004 4451 1031 4494 a.
1058 4427 1117 4514 C.).
1142 4432 1206 4492 440
1230 4428 1295 4516 (illo
1317 4427 1425 4518 paullo
