3476 5142
836 475 877 543 73

345 662 447 728 Semel
477 661 542 748 (III
574 665 627 742 48,
658 665 699 727 25
723 666 780 748 sq.)
815 663 937 728 editur:
968 660 1029 728 lac
1060 663 1091 727 δὲ
1120 665 1176 726 τῶν
1199 662 1415 742 τοιουτοτρόπων

300 777 478 856 διοχλήοεων
501 777 525 842 οἱ
546 776 636 842 τιτλοι
658 778 691 842 ἐκ
714 775 794 858 ῥιζῶν
812 775 981 850 ἐκκοτέιτες
1000 775 1063 840 ἀεὶ
1081 774 1125 842 ἂν
1144 778 1414 854 κοιτοιιιοιμιτθῶτιν.

302 887 417 954 Verum
451 889 594 954 inaudita
629 889 689 954 ista
719 889 863 974 stribligo
894 890 1025 954 debetur
1048 889 1276 954 infelicissimae
1299 889 1416 954 coniec-

300 1011 390 1067 turae
412 1002 495 1067 docti
518 1002 698 1086 ceteroquin
723 1009 755 1066 et
776 1003 860 1068 acuti
884 1002 1011 1068 editoris
1031 1001 1276 1086 Dittenbcrgeri.
1297 1001 1416 1066 Rectis-

300 1115 377 1180 sime
400 1115 493 1195 euim,
518 1116 543 1180 si
566 1114 644 1200 quid
664 1115 763 1194 video,
783 1137 839 1202 pro
859 1123 990 1181 AEIAN
1010 1114 1261 1180 titulusexhibet
1274 1121 1416 1188 AEIAN,

301 1229 332 1293 id
369 1235 416 1292 est
451 1228 526 1302 λίοιι,
563 1227 645 1312 quod
680 1228 734 1294 hic
767 1227 850 1292 valet
880 1227 969 1306 natac,
1000 1225 1201 1302 τοιοτοέτοτιι,
1232 1249 1416 1312 prorsus,

300 1340 314 1406 f
321 1340 506 1406 unditus.
1065 1413 1067 1416 ¹
1334 1339 1340 1357 ²

344 1455 447 1519 Etiam
478 1453 570 1539 longe
599 1454 752 1538 longeque
781 1454 882 1518 rarius
911 1477 1004 1550 quam
1036 1451 1083 1518 ἵνοι
1105 1453 1137 1518 in
1161 1450 1417 1538 inscriptionibus

301 1569 414 1633 Atticis
442 1575 489 1633 est
518 1571 563 1641 ὥς
591 1567 732 1632 finale.
757 1567 799 1632 Et
823 1567 943 1633 nudum
968 1567 1092 1652 quidem
1117 1569 1161 1640 ὡς
1184 1566 1310 1650 legitur,
1332 1563 1418 1650 quod

300 1682 403 1760 sciam,
435 1703 576 1765 nusqsro,
608 1683 653 1753 ὥς
683 1673 728 1745 ἄν
759 1681 953 1768 paucissimis
976 1680 1162 1766 quibusdam
1189 1677 1266 1744 locis
1288 1680 1416 1764 impera·

301 1795 395 1860 toriae
430 1795 552 1860 aetatis.
588 1793 670 1859 Nam
701 1794 784 1878 quod
815 1793 863 1858 lv
894 1797 936 1859 49
962 1794 1012 1878 (cf.
1035 1795 1051 1860 I
1073 1817 1104 1880 p.
1128 1795 1181 1878 45)
1205 1791 1418 1858 Kirchboffius

300 1908 399 1973 edidit
423 1909 513 1993 ...]
534 1910 571 1980 ὥς
602 1907 639 1972 ἂν
663 1908 707 1985 μὴ
728 1901 865 1982 albredam
887 1907 994 1973 cedrea
1016 1907 1121 1986 μηδεὶς
1145 1907 1217 1980 κτὲ.,
1241 1906 1285 1971 ibi
1309 1905 1417 1992 procul

301 2019 398 2085 dubio
429 2020 572 2106 supplere
603 2018 753 2085 debuerat
783 2019 875 2106 dar]er
906 2019 943 2085 ἂν
967 2019 1009 2098 μὴ
1033 2035 1099 2085 κτλ.
1124 2019 1163 2112 ln
1188 2018 1418 2104 antiquioribus

300 2135 381 2199 enim
412 2133 515 2198 titulis
552 2136 589 2207 ὥς
619 2133 656 2198 ἄν
686 2157 805 2220 semper
829 2141 877 2199 est
899 2133 1143 2220 comparativum
1167 2133 1255 2198 velut
1279 2131 1295 2198 Ι
1320 2137 1350 2211 9,
1376 2135 1416 2198 20

301 2246 448 2326 βουλεύσω
483 2249 520 2318 ὥς
554 2247 588 2311 dc
622 2245 688 2324 ἐμοὶ
720 2245 805 2329 ἄριςοι
836 2239 906 2312 εἷνοιι
938 2247 1006 2328 δοκῇ
1036 2246 1138 2312 colora
1168 2254 1200 2312 et
1227 2269 1299 2311 mox
1322 2247 1358 2320 ὥς
1381 2245 1418 2312 ἂν

300 2361 430 2441 δύνωμαι
451 2361 546 2443 alasa.
572 2361 632 2426 Sed
655 2385 694 2426 ue
716 2363 936 2448 imperatorum
961 2362 1098 2447 quidem,
1119 2361 1203 2446 quod
1224 2361 1299 2441 dixi,
1317 2369 1417 2428 aetate

300 2477 337 2550 ὣς
367 2475 403 2541 aba
433 2475 525 2540 finale
555 2499 645 2560 saepe
668 2483 805 2562 apparet.
828 2474 888 2540 Ter
909 2481 1057 2559 quaterve
1081 2481 1267 2562 usurpatum
1293 2475 1415 2561 repperi

299 2585 353 2652 III
385 2593 415 2668 9,
447 2589 486 2652 la
518 2589 584 2673 (qui
616 2588 731 2653 titulus
759 2587 920 2654 Hadriano
942 2610 1005 2654 non
1026 2595 1129 2675 potest
1152 2611 1216 2654 esse
1239 2588 1414 2674 antequior)

299 2700 435 2780 δεδόχθαι
459 2739 511 2750 ·-
545 2698 708 2782 τροττοίξοιι
740 2739 784 2751 -
812 2699 894 2781 ἄγειν
925 2737 971 2750 -
1000 2703 1037 2774 ὡς
1069 2699 1105 2766 ἂν
1134 2739 1178 2750 -
1203 2699 1359 2785 ὑπάρχοῂ]
1386 2705 1418 2764 et

299 2813 413 2879 ibidem
446 2815 486 2879 27
519 2815 563 2887 ὡς
586 2813 630 2880 ἂν
653 2853 696 2864 -
719 2813 829 2894 ἄγοιτο,
853 2821 922 2880 tum
946 2813 1001 2879 III
1027 2817 1045 2878 6
1068 2815 1101 2878 iu
1125 2821 1209 2880 certo
1234 2811 1413 2879 Ditteubcr·

299 2928 365 3012 geri
394 2926 611 3014 supplemento
636 2930 681 3001 ὥς
703 2927 746 2992 aba
768 2965 812 2976 -
836 2927 971 3010 ὑπάρχοι,
994 2928 1268 3006 tandem11148,
1294 2929 1346 2992 tl.
1372 2929 1414 2991 34

298 3041 437 3124 (ineunte
460 3062 520 3105 sec.
545 3039 592 3105 IV
614 3062 645 3126 p.
670 3039 717 3124 Ο.)
740 3041 807 3126 ὦ[ς]
830 3039 867 3106 tv
891 3041 934 3119 at
957 3079 1000 3089 —
1023 3037 1230 3128 μ[ε]τιοδόξιι.
1255 3039 1294 3104 Iu
1313 3039 1416 3128 lapide

299 3175 362 3218 esse
393 3153 529 3219 traditur
557 3154 795 3228 MlllTAACllll,
828 3153 910 3218 uude
932 3153 1038 3240 potius
1061 3153 1099 3217 ad
1122 3153 1312 3238 reliquorum
1336 3151 1416 3218 loco·

299 3285 367 3329 rum
388 3265 563 3352 exemplum
583 3265 772 3330 restituerim
791 3262 975 3344 μεταδόξαι.
989 3265 1081 3350 Ergo,
1095 3273 1247 3350 quantum
1259 3265 1412 3347 norimus,

299 3378 425 3443 stilus
458 3379 694 3465 lapidarius
724 3401 801 3444 uon
833 3385 929 3443 ante
959 3377 1216 3445 Hadrianum
1246 3379 1416 3444 admisit

299 3492 343 3563 ὦς
366 3491 409 3556 ἄν
433 3491 580 3572 finale,
604 3491 729 3575 idque
751 3492 885 3576 ipsum
908 3514 985 3557 non
1010 3491 1093 3556 uisi
1117 3493 1305 3556 iunctum
1328 3513 1414 3557 cum

299 3605 504 3691 optativo,
526 3627 657 3688 neque
681 3626 866 3688 umquam
889 3604 1039 3670 nudum
1064 3606 1111 3677 ὥς
1134 3603 1337 3670 adhibuit.

343 3715 460 3782 Contra
493 3739 664 3800 numquam
700 3739 762 3782 uon
793 3716 943 3803 lapidatio
974 3716 1046 3780 stilo
1076 3718 1220 3804 proprius
1252 3717 1313 3782 fuit
1338 3739 1415 3784 usus

298 3829 524 3895 coniunctionis
547 3829 647 3894 finalis
669 3827 754 3904 ὅπως.
780 3827 948 3894 Videamus
971 3828 1010 3893 de
1034 3830 1174 3916 siugulis.

344 4020 383 4080 A.
407 4015 556 4081 nudum
579 4014 686 4089 ὅπως.

342 4169 371 4208 ο.
395 4143 582 4206 iunctum
605 4164 691 4206 cum
715 4142 866 4208 Futuri
888 4143 1136 4208 indicativo.

342 4280 510 4368 Reperitur
540 4279 711 4346 rarissime:
741 4279 825 4346 132
851 4281 943 4366 (circa
967 4281 1017 4347 Ol.
1043 4285 1096 4368 90)
1122 4281 1160 4362 Β,
1183 4283 1278 4368 Ssqq.
1301 4319 1345 4332 -
1368 4319 1412 4334 -·
