3476 5142
872 546 912 607 60

391 728 574 807 ίβελείοις
597 726 631 804 ἓξ
652 727 710 794 TN
733 752 764 815 p.
789 732 862 796 540.
887 728 933 794 Cl.
957 729 1081 794 Boeolrh
1104 751 1135 816 p.
1161 731 1234 794 loo.

383 839 446 906 tes
468 843 555 907 sine
578 842 777 920 articulo,
802 850 840 905 ut
863 841 1027 926 aliquoties
1050 864 1099 926 ap.
1121 840 1219 906 Thoe.
1241 848 1273 906 et
1291 842 1452 928 Aristoph.

340 955 391 1036 (ne
415 955 550 1039 tragicos
573 958 828 1037 commemorem).
851 955 910 1020 ΤΝ
933 955 981 1020 ΧΙ
1005 957 1025 1033 ι’,
1051 959 1103 1020 45.

384 1068 685 1146 οίκοδομνιμένοι
705 1071 769 1134 sine
781 1075 948 1154 augmento
960 1071 992 1134 II
1008 1071 1067 1136 lor
1083 1069 1147 1152 (Ol.
1164 1072 1236 1150 Ill,
1250 1071 1394 1148 8-118,
1410 1071 1452 1153 8).

378 1181 556 1276 [ἰκτίνοις
585 1184 602 1247 I
633 1184 707 1246 468.
731 1181 803 1248 Vid.
827 1182 992 1248 Kirclrhoff
1011 1183 1045 1246 in
1068 1184 1175 1247 Actt.
1199 1191 1363 1248 menstr.
1388 1186 1452 1247 Ac.

240 1273 285 1304 's
340 1273 469 1359 Berol.
505 1297 586 1360 1872
617 1318 646 1381 p.
672 1299 732 1362 837
746 1318 811 1380 sqq.
837 1295 883 1360 IV
907 1296 978 1361 add.
1003 1297 1065 1362 477
1090 1295 1115 1361 G
1137 1295 1280 1377 τίνοιμ’.
1303 1298 1450 1382 Imperat.

340 1406 386 1471 Cf.
410 1429 503 1494 supra
525 1432 556 1495 p.
581 1410 610 1473 7.

384 1516 452 1594 οἷς,
484 1543 541 1586 vox
571 1544 639 1586 rara
669 1522 700 1585 in
731 1522 837 1586 Attica
867 1521 1009 1601 dialecto,
1041 1521 1156 1606 legitur
1179 1522 1196 1587 I
1221 1525 1262 1586 28
1286 1520 1453 1608 ίτ[τοις]ἣ

341 1632 409 1706 ὄνοις
434 1632 451 1708 ἢ
474 1634 549 1720 οίτ[ί.
576 1633 622 1699 Of.
647 1633 663 1697 l
690 1636 762 1700 584.

385 1746 551 1844 ὀλείζιον.
587 1747 734 1813 Memoria
769 1748 939 1834 perdignos
971 1755 1018 1814 est
1040 1749 1092 1814 hic
1116 1756 1204 1815 uetus
1228 1751 1455 1836 comparativus

341 1858 402 1924 aar.
424 1839 522 1938 ’τινος
545 1882 600 1947 pro
623 1861 763 1936 ιιιισωι,
787 1863 841 1947 qui
865 1862 912 1927 us
933 1863 1050 1946 regom
1073 1864 1089 1926 ι
1113 1865 1159 1927 ιι
1182 1865 1249 1928 ιιι
1273 1867 1291 1928 ι
1317 1861 1455 1949 (crearat

341 1981 372 2037 et
407 1972 532 2061 ὅλειζον)
570 1975 665 2060 Apud
699 1974 792 2040 Hom.
827 1977 940 2042 XVIII
970 1979 1033 2040 519
1056 1997 1112 2061 pro
1135 1975 1298 2057 ὑπολίζονες
1321 1977 1391 2042 vide
1416 1999 1455 2040 ne

343 2088 447 2172 potius
470 2087 666 2152 scribendum
690 2092 732 2154 sit
756 2089 942 2170 ὑπολείζονες.
968 2088 1174 2154 Alexandrini
1197 2088 1322 2156 demum
1347 2095 1456 2176 poetae

342 2202 471 2266 formam
493 2204 653 2288 antiquam
678 2203 799 2268 dudum
823 2201 992 2268 obsoletum
1011 2204 1249 2282 resuscitarunt,
1269 2203 1322 2268 sed
1335 2211 1456 2268 mutata

343 2337 380 2380 ex
403 2316 525 2381 serioris
547 2315 614 2381 aeui
637 2317 863 2382 consuetudine
886 2316 1083 2404 diphthongo
1107 2317 1139 2381 in
1171 2317 1317 2381 vocalem.

386 2428 644 2503 ὀκτιιδοίκτιιλος,
680 2430 793 2494 similia
824 2437 1011 2510 constanter,
1035 2453 1099 2495 nou
1125 2429 1352 2502 dorniciacum,
1375 2452 1404 2493 v.
1428 2452 1454 2495 c.

348 2541 407 2606 TN
429 2541 510 2607 XIV
532 2567 558 2607 e.
586 2546 657 2620 104,
684 2546 757 2608 185.
782 2543 816 2610 Ο.
841 2543 867 2608 Ι.
892 2545 930 2608 A.
955 2543 972 2607 I
996 2545 1070 2620 321,
1097 2547 1148 2608 28.
1174 2545 1248 2608 322.

386 2656 488 2720 ίλίον
522 2653 728 2720 barbarismus
761 2678 817 2740 pro
847 2656 941 2734 ὀλίγον
972 2656 1004 2720 II
1040 2658 1103 2720 594
1136 2657 1175 2739 (a.
1202 2657 1263 2718 127
1288 2677 1316 2718 a.
1340 2653 1398 2737 0.),
1424 2657 1454 2718 8.

343 2768 414 2833 Νοιι
438 2769 520 2833 enim
544 2792 608 2833 esse
632 2769 743 2856 scalpri
767 2769 899 2855 lapsum,
923 2775 960 2834 ut
982 2770 1082 2833 visum
1106 2775 1154 2833 est
1176 2766 1333 2832 Koehlero
1357 2767 1452 2832 tacito

343 2883 508 2968 corrigenti
544 2883 648 2961 ὀλίγον,
684 2884 738 2948 sed
770 2883 930 2968 lapicidae,
955 2891 1011 2948 aut
1034 2884 1101 2948 eius
1123 2883 1179 2966 qui
1203 2881 1275 2946 huic
1299 2881 1456 2968 exemplar

342 2996 478 3075 dederat,
513 2997 683 3061 rusticitati
706 2997 909 3062 tribuendum
934 3020 999 3061 esse
1024 2996 1107 3061 hunc
1131 3017 1276 3074 errorem,
1301 2994 1392 3058 fidem
1416 2997 1458 3058 la-

303 3095 305 3100 ·
342 3110 404 3174 ciet
425 3109 589 3196 Eupolidis
613 3103 698 3175 locus
721 3133 768 3198 ap.
795 3085 965 3178 Herodian.
988 3110 1053 3192 περί
1073 3107 1135 3178 alf.
1160 3133 1223 3188 μον.
1248 3133 1280 3196 p.
1306 3113 1357 3189 20,
1386 3112 1418 3172 I:

429 3315 431 3318 ·
519 3287 556 3351 Ὀ
583 3286 610 3351 δ’
633 3287 664 3351 οὐ
687 3286 744 3367 γὰρ
768 3287 919 3368 ἠττίκιζον,
944 3282 965 3350 5
989 3293 1093 3367 Molpea
1116 3286 1213 3366 Φίλιοι,

517 3400 588 3464 ἀλλ’
612 3401 698 3466 τ’τότε
721 3402 775 3478 μὲν
798 3402 880 3482 χρείη
905 3402 1053 3482 διῃτώμην
1075 3399 1179 3477 λέγειν,

520 3511 636 3594 ἔφασκε
659 3515 806 3593 dardano.
830 3513 944 3579 ὃτίτε
968 3515 993 3578 δ’
1017 3514 1145 3577 εἰπεῖν
1169 3509 1247 3576 δέοι

518 3627 669 3705 ὀλίγον,
693 3628 797 3693 ίλίον
817 3625 965 3706 ἔλεγεν.

344 3787 398 3854 ubi
433 3811 490 3876 pro
519 3789 554 3863 al
585 3791 625 3871 τῷ
649 3789 708 3867 μὴν
731 3789 785 3874 (sie
808 3789 892 3884 enim
915 3788 997 3872 libri)
1021 3811 1082 3852 non
1107 3786 1258 3852 debuerat
1283 3809 1331 3850 me
1354 3785 1457 3850 iudice

344 3903 521 3968 Meinekius
565 3904 728 3985 ἒδιῃτίιμιιν
772 3903 921 3982 conicere,
970 3925 1033 3986 quo
1068 3903 1135 3966 sine
1168 3923 1260 3965 eausa
1294 3899 1458 3984 mitigatur

344 4017 524 4104 Hyperboli·
548 4019 662 4105 lapsus.
697 4021 766 4105 Ipse
797 4019 842 4083 M.
873 4018 906 4082 in
930 4016 1013 4082 Hist.
1037 4015 1115 4082 Orit.
1141 4015 1226 4080 Gom.
1251 4037 1280 4100 p.
1307 4016 1369 4077 192
1393 4015 1455 4076 iarn

343 4130 451 4195 attulit
475 4131 599 4196 Aelium
625 4132 808 4217 Dionysium
832 4154 881 4217 ap.
905 4131 1054 4196 Eustath.
1079 4152 1108 4215 p.
1136 4131 1231 4205 1160,
1254 4131 1312 4193 lo:
1336 4126 1451 4203 ὀλίγοντ

342 4244 376 4307 τὸ
398 4244 429 4308 δὲ
451 4244 513 4309 ίλί
518 4269 554 4309 ον
576 4243 593 4319 ἢ
617 4243 802 4327 βοιοβοιοὸνῆ
827 4245 931 4318 Ἰοιιιίν,
955 4253 987 4308 et
1009 4243 1116 4308 Photii
1137 4243 1198 4306 lex.
1222 4239 1376 4320 ίλίγνιροςε
1409 4239 1459 4304 σὺν

340 4360 384 4425 roi
412 4359 442 4444 ᾗ.
