3476 5142
794 645 844 720 Ι19

263 843 447 919 228-240,
483 845 668 920 unz-tm,
706 841 780 918 247,
817 843 1002 905 stt-259.
1038 837 1156 919 Quales
1186 841 1300 905 formes
1321 862 1378 904 nec

262 951 475 1040 Thucydidem
499 977 557 1019 nec
581 953 820 1039 Xenophontem
845 975 946 1038 neque
963 937 1060 1018 elium
1081 974 1268 1037 quemquam
1287 953 1379 1038 scrip·

262 1076 361 1132 torem
394 1069 536 1132 Atticum
569 1090 624 1154 pro
655 1069 720 1133 suis
744 1067 924 1152 agniturum
948 1066 1043 1131 inisse
1066 1065 1164 1131 habeo
1187 1065 1380 1152 persuasissi-

262 1205 358 1247 mum.
383 1181 487 1262 Quere
505 1183 538 1247 in
559 1205 626 1246 mee
644 1181 836 1267 Thucydidis
852 1179 989 1246 editione
1009 1179 1055 1244 IV
1077 1182 1126 1261 75,
1141 1182 1160 1244 3
1173 1203 1228 1266 pro
1241 1181 1378 1245 omnium

262 1292 412 1360 librorum
434 1294 566 1360 lectione
589 1295 750 1370 Χαλκηδών
774 1316 876 1359 nerem
902 1294 1037 1360 nominis
1059 1294 1189 1359 formem
1211 1294 1376 1358 restituere

262 1415 415 1494 punctum
442 1409 589 1496 temporis
609 1431 671 1474 non
696 1407 847 1474 debitori.

785 1830 857 1914 se.

480 2014 535 2079 De
566 2015 741 2080 eliorum
769 2014 977 2081 nominum
1009 2013 1161 2081 formis.

307 2201 380 2266 Non
408 2201 523 2266 inutile
555 2201 630 2266 mihi
653 2202 753 2266 visum
777 2207 825 2267 est
847 2201 973 2266 nomine
997 2200 1130 2288 propris,
1156 2198 1249 2264 utin
1273 2200 1375 2265 titulis

265 2315 380 2380 Atticis
403 2314 595 2394 scribuntur,
619 2316 728 2380 ordine
751 2337 913 2380 recensere
929 2321 961 2378 et
984 2315 1015 2378 in
1040 2313 1172 2399 singulis
1194 2319 1302 2379 notare
1316 2313 1379 2378 vul·

264 2430 345 2514 geris
368 2429 543 2494 traditionis
567 2431 630 2494 sive
653 2452 742 2494 verse
765 2431 829 2494 sive
850 2429 944 2494 falsae
967 2429 1217 2514 discrepantiam.
1230 2427 1380 2514 Stephani

265 2541 429 2628 Bymntini
459 2544 641 2629 praesertim
674 2543 838 2630 locupletis
861 2545 920 2608 heo
943 2543 976 2608 in
1001 2565 1033 2608 re
1057 2543 1155 2623 tostis,
1176 2541 1232 2626 qui
1255 2543 1381 2628 optimis

263 2655 402 2721 fontibus
434 2677 509 2721 usus
532 2660 571 2740 (v.
596 2680 622 2720 o.
647 2655 766 2721 Gruteri
792 2678 883 2741 opere
906 2655 969 2737 περὶ
993 2653 1219 2741 ψηφισμάτων)
1245 2677 1335 2742 saepe
1362 2679 1380 2719 e

262 2767 396 2833 librariis
430 2769 616 2854 depravatus
650 2777 706 2848 est,
735 2769 898 2854 penedosin
922 2769 955 2833 in
980 2776 1082 2854 partes
1106 2775 1273 2833 vocaturus
1296 2791 1378 2834 sum.

264 2880 391 2967 Optime
414 2881 481 2946 eius
506 2888 576 2947 utar
599 2889 706 2947 curete
729 2905 757 2947 a.
784 2885 866 2946 1849
891 2905 909 2945 e
932 2879 1090 2948 Meinekio
1114 2879 1260 2946 editione.
1279 2880 1380 2968 Expo-

264 3015 335 3059 nam
359 2995 397 3058 de
419 2995 551 3080 singulis
575 2994 655 3060 sord
679 3003 815 3076 ςοιχεῖον.

308 3108 522 3190 Ἀγλαύρου
552 3111 602 3174 111
633 3110 707 3173 327.
732 3108 827 3195 Saepe
851 3107 990 3174 titubent
1013 3108 1130 3174 librurii
1153 3107 1381 3174 substituentes

264 3231 402 3286 recentes
432 3222 544 3287 formes
567 3219 735 3304 Ἄγραυλος
759 3230 791 3288 et
813 3222 1017 3303 'Artennites
1042 3220 1115 3287 Vid.
1140 3245 1188 3286 me
1210 3222 1249 3288 nd
1273 3224 1381 3287 Ionem
1474 3303 1479 3318 .

264 3334 374 3421 Eurip.
400 3339 452 3415 23,
476 3359 545 3422 pag.
568 3339 608 3402 74
632 3337 680 3402 cd.
706 3360 799 3402 meae.

309 3450 574 3532 ’nynduprrer
598 3473 653 3536 pro
678 3450 887 3531 Ἀγλοιόκριτσς
912 3473 948 3514 ex
972 3449 1076 3516 insule
1100 3448 1162 3514 Ceo
1185 3449 1218 3514 in
1242 3449 1293 3514 tit.
1318 3471 1379 3515 sec.

265 3563 311 3629 IV
335 3587 361 3628 a.
386 3563 421 3630 G.
446 3563 586 3629 Mitth.
610 3564 642 3629 d.
666 3563 705 3628 D.
730 3564 848 3630 hroh.
872 3565 972 3628 Inst.
997 3565 1056 3642 111,
1083 3567 1102 3626 2
1125 3586 1156 3650 p.
1178 3566 1251 3644 144,
1267 3565 1318 3628 55.
1332 3561 1379 3628 cf.

265 3681 301 3744 'A
314 3681 535 3758 γλώμαιχος
561 3680 735 3764 Cyrenaeus
758 3701 805 3764 ep.
831 3677 948 3743 Herod.
969 3677 1016 3742 IV
1042 3680 1115 3742 164.
1139 3684 1172 3741 et
1194 3677 1245 3742 tit.
1273 3677 1381 3742 Amor·

265 3794 330 3878 gin.
355 3792 493 3858 Mitth.
517 3795 533 3857 Ι
558 3797 578 3856 4
601 3816 631 3879 p.
656 3795 729 3856 333.

309 3907 485 3987 Ἀγρυλὴ.
510 3908 525 3970 1
546 3909 620 3970 321.
643 3907 706 3970 324
725 3903 902 3987 Ἀγρυλῠσι.
919 3907 1022 3970 1139.
1038 3907 1111 3969 140.
1125 3906 1199 3970 315.
1214 3906 1289 3968 322.
1304 3906 1379 3970 824.

158 4010 162 4019 ¹
265 4021 441 4101 Λγρυλῆδεν.
467 4021 530 4084 338
554 4018 715 4101 ’Antonin
738 4021 788 4084 Ite
807 4020 899 4084 etiem
921 4010 990 4105 post
1010 4017 1173 4083 Euclidem
1187 4024 1376 4084 constanter.

265 4131 443 4217 Stephanus
463 4132 534 4216 Byn.
554 4132 718 4213 Ἀγραυλή,
738 4133 830 4211 δῆμος
849 4133 987 4206 Ἀθήνησι
998 4137 1052 4204 τῆς
1065 4131 1255 4212 Ἐριχθηίδος
1268 4135 1377 4212 Φυλῆς.

265 4255 339 4324 τινὲς
373 4253 405 4317 δὲ
438 4253 606 4334 Ἀγρυλὴ
641 4249 801 4335 γράφουσιν
831 4251 900 4318 ἄνευ
929 4259 980 4320 τοῦ
1012 4243 1043 4318 ἶ.
1067 4252 1140 4318 θέλει
1164 4253 1195 4318 δὲ
1217 4253 1251 4318 τὸ
1275 4241 1379 4317 {sind

266 4366 482 4447 'cypetum
513 4374 567 4440 τῆς
598 4365 739 4446 Κέκροπος
770 4367 919 4448 θυγατρός.
943 4368 1004 4433 nrt.
1030 4365 1160 4452 Decepit
1183 4365 1379 4452 Stephanum

268 4499 342 4542 usus
364 4479 526 4544 recentior.
