3476 5142
813 603 854 664 oc

280 793 365 856 1984
398 795 430 855 et
462 792 557 854 1285.
587 787 709 852 Tertiae
738 807 819 872 quae
849 786 881 852 in
911 784 999 850 codd.
1023 783 1136 849 nostris
1161 781 1288 869 reperiri
1311 781 1391 846 solet

278 903 468 982 σαλτνγκτής
491 902 523 968 in
546 901 649 966 titulis
673 900 789 965 Atticis
811 921 868 965 nec
893 897 959 963 vola
983 905 1031 982 est
1053 919 1110 961 uec
1132 896 1310 980 vestigium.

323 1029 488 1107 σήκωμα
519 1026 553 1091 II
585 1028 660 1105 470,
685 1030 714 1104 8,
739 1028 779 1089 41
804 1025 872 1106 πρὸς
894 1021 1155 1101 κατεσκευασμένα
1174 1020 1316 1100 σύμβολα
1338 1042 1391 1093 ση-

278 1143 407 1221 κύματα
424 1138 619 1218 πονησάμενοι.
633 1178 676 1188 -
692 1138 815 1210 διδόντες
838 1138 1006 1215 σηκώματα
1028 1139 1084 1202 τῶν
1106 1159 1140 1200 τε
1151 1133 1261 1214 μίτραν
1272 1131 1324 1198 καί
1336 1135 1392 1197 τῶν

279 1257 417 1334 σταύμῶν
435 1261 503 1327 ταῖς
524 1279 557 1319 τε
575 1255 688 1335 οίρχαίς
711 1253 771 1317 ari.
797 1251 872 1315 Vid.
896 1269 1031 1328 nouoxu,
1056 1246 1270 1332 Metrolog.
1295 1268 1325 1332 p.
1341 1248 1392 1311 12.

319 1363 526 1447 ἱσντωννηὸν
552 1379 623 1466 (τί)
650 1377 708 1443 ΤΝ
729 1401 759 1464 p.
780 1379 844 1442 489
865 1383 898 1442 et
916 1376 1038 1462 passim,
1060 1375 1152 1439 etiam
1165 1374 1197 1438 in
1210 1373 1292 1459 plur.
1305 1392 1393 1438 num.

324 1505 548 1585 σκήψκσύαν
571 1503 652 1569 κατὰ
673 1507 808 1585 χειμῶνα
831 1501 900 1580 TN,
926 1499 1004 1565 XIV
1028 1500 1057 1563 D
1082 1503 1154 1580 100,
1179 1523 1208 1586 p.
1235 1500 1307 1564 533.

323 1633 435 1716 σκίρα
464 1657 506 1692 =
536 1629 699 1714 σκνροφύρνα
728 1631 762 1695 ΙΙ
794 1630 894 1694 0780.
926 1629 974 1692 ΙΠ
1007 1629 1064 1693 57:
1092 1634 1130 1707 σή
1153 1623 1300 1706 δωδεκάτη
1323 1626 1394 1688 τῶν

279 1746 432 1828 σκίρων,
464 1747 485 1810 i.
509 1769 536 1811 e.
567 1749 618 1810 τοῦ
649 1744 749 1822 μηνὸς,
780 1739 861 1823 ήτίο
883 1741 972 1821 Σκίρα
994 1740 1111 1848 uiperae,
1135 1739 1304 1824 interprete
1326 1735 1396 1800 Dit-

279 1858 472 1945 tenbergero.
497 1857 543 1922 cf.
568 1857 664 1922 Arist.
689 1855 773 1922 Eccl.
800 1857 850 1936 18,
873 1854 956 1920 alibi.

324 1985 486 2068 σκίρδων
521 2006 575 2070 pro
609 1984 745 2065 carpebat
775 1979 829 2046 111
860 1983 901 2046 13
931 1987 964 2045 et
990 1980 1039 2071 ι’ί4
1060 1979 1111 2043 tit.
1135 1973 1339 2043 recentissimi
1363 1979 1395 2039 et

281 2106 435 2196 appetentes
458 2096 665 2164 barbarismis.

324 2223 508 2306 σκορπίος
530 2221 589 2286 TN
613 2245 643 2308 p.
668 2225 743 2286 499.
767 2220 813 2287 Oi.
838 2219 963 2285 Boeckh
987 2242 1018 2303 p.
1044 2220 1118 2283 110.
1252 2301 1258 2316 ⁹

325 2354 496 2415 σκυτούν.
522 2345 595 2424 τόξα
617 2345 867 2426 ἕσκυτωμένα
892 2343 950 2410 TN
971 2367 1002 2432 p.
1026 2345 1100 2409 411.

325 2471 493 2555 σμικρός.
520 2471 593 2539 vid.
613 2471 738 2556 Ιίίίοοίτί.
762 2495 794 2560 p.
820 2475 861 2537 54
873 2492 939 2556 sqq.

325 2599 477 2679 συβήνη.
503 2599 542 2666 In
568 2599 805 2684 magistratuum
829 2595 944 2662 tabulis
966 2597 982 2661 I
1003 2618 1034 2682 p.
1059 2596 1099 2661 74
1122 2595 1179 2662 col.
1204 2595 1241 2662 B.
1273 2597 1324 2673 19,
1337 2595 1391 2659 40.

281 2735 311 2800 p.
352 2715 401 2794 75,
435 2713 493 2778 col.
523 2715 551 2778 A
584 2716 633 2792 18,
668 2715 720 2778 40.
752 2711 778 2777 Β
812 2714 863 2790 11,
895 2712 935 2774 40
960 2709 1076 2796 legitur
1097 2709 1248 2787 συβήνη
1273 2711 1290 2783 ή
1313 2707 1396 2792 ταρίι

281 2827 478 2906 Μηθυμναίων
508 2827 686 2909 ε’τεφαντίνη
719 2824 915 2906 κατάχρυσος.
947 2823 996 2889 Sic
1026 2845 1159 2909 quoque,
1192 2845 1254 2888 non
1279 2821 1395 2901 συβίνη,

281 2940 369 3006 codd.
389 2941 513 3006 Thesm.
539 2943 622 3006 1215
646 2946 678 3004 et
702 2940 797 3021 1197,
817 2938 871 3004 ubi
882 2935 953 3004 'viu
973 2937 1105 3025 Blaydes
1117 2937 1149 3002 in
1161 2938 1236 3003 edit.
1248 2959 1276 3003 a.
1292 2937 1388 3001 1880.

324 3053 553 3133 σύγκλητος.
586 3053 718 3118 Athenis
744 3077 762 3118 e
791 3051 992 3139 scriptoribus
1023 3073 1206 3116 noveramus
1229 3049 1394 3128 σύγκλητον

279 3168 445 3243 ἐκκλησίαν,
480 3168 533 3232 sed
563 3167 684 3246 βουλή
715 3166 941 3246 σύγκλητος
972 3169 1228 3231 commemoratur
1260 3161 1395 3243 11489,

282 3278 336 3345 ubi
357 3303 400 3346 rs.
424 3283 444 3343 4
465 3279 582 3365 legitur
604 3279 697 3358 βουλή
717 3279 947 3362 ἐμβονλευτηρίῳ
966 3279 1126 3353 σύνκλητος
1147 3280 1278 3362 (extre
1295 3276 1397 3344 ordi·

281 3396 376 3478 nem)
399 3397 551 3475 ςρατηγύν
570 3391 833 3475 παραγγειλάντων
852 3392 904 3458 καί
922 3393 982 3458 cirri
1003 3391 1113 3470 βουλής
1130 3391 1271 3465 ἐκκλησία
1285 3391 1394 3477 [κυρία]

279 3507 309 3570 ἐν
339 3505 454 3588 ίεύτρῳ.
484 3506 651 3592 Inscriptio
674 3507 810 3572 incertae
835 3507 954 3585 aetatis,
979 3505 1031 3569 sed
1055 3505 1152 3572 altero
1175 3529 1202 3569 a.
1229 3504 1263 3570 C.
1288 3505 1393 3571 seculo

280 3641 344 3684 non
366 3620 532 3704 antiquior,
558 3625 595 3684 ut
618 3628 747 3706 apparet
769 3643 786 3686 e
811 3621 967 3684 mentione
986 3618 1129 3684 detribu
1150 3618 1341 3685 Ptolemaide
1364 3620 1397 3684 in

280 3731 396 3798 decreti
420 3734 619 3820 praescripto.

324 3847 513 3933 Syncope.
538 3846 618 3912 Vide
641 3845 700 3912 sub
723 3845 843 3926 αίτωμα
866 3853 898 3912 et
921 3847 1042 3928 σκίρδων
1068 3853 1102 3912 et
1123 3845 1302 3928 τίτραχμον.

326 3961 650 4040 συγχαρήσοντων
682 3963 716 4026 11
747 3965 810 4026 599
837 3963 908 4045 (seo.
933 3963 967 4026 II
993 3983 1020 4028 a.
1046 3960 1103 4044 0.),
1129 3961 1169 4024 18
1192 3959 1308 4024 novitio
1332 3979 1394 4024 nso

282 4095 337 4160 pro
379 4072 631 4153 συγχωρήσουσιν.
675 4072 722 4139 cf.
758 4073 873 4140 Moeris
906 4097 936 4160 p.
972 4076 1036 4139 403
1070 4073 1176 4156 ibique
1211 4071 1390 4137 Piersonus.

281 4187 473 4273 Scriptorum
495 4185 614 4272 primus
634 4188 795 4272 usurpavit
818 4187 966 4273 Polybius
989 4185 1081 4251 XXX
1100 4187 1158 4250 16:
1178 4183 1220 4250 ὅτι
1239 4185 1320 4250 κατίο
1338 4185 1390 4250 τὸν

280 4299 366 4364 αὐτὸν
395 4299 489 4380 καιρὸν
518 4292 587 4373 ήλίε
612 4298 664 4364 καί
694 4299 835 4382 Προυσίας
866 4301 879 4366 ί
908 4299 1050 4379 βασιλεὺς
1069 4299 1330 4382 σνγχαρησύμενος
1358 4307 1395 4382 σή

282 4410 446 4493 συγκλήτῳ.

1280 4528 1295 4576 b
