3476 5142
894 599 935 660 ³8

371 782 415 848 N.
440 781 477 846 V.
503 785 518 848 I
542 785 561 844 2
584 804 615 868 p.
640 783 714 846 291.
738 781 915 868 Stephanus
932 787 965 846 et
983 783 1148 868 scriptores
1157 788 1330 868 agnoscunt
1338 788 1477 848 tantum·

368 896 461 962 modo
484 897 610 961 iormam
636 896 793 981 vulgarem
816 918 872 981 per
895 904 946 961 01.
972 895 1112 960 Fortasse
1135 903 1252 962 veteres
1268 896 1477 962 Athenienses

363 1011 498 1096 priorem
534 1015 657 1074 tantum
688 1007 897 1094 usurpabant:
924 1009 1100 1074 Dolendum
1124 1017 1171 1074 est
1195 1031 1257 1075 non
1279 1010 1312 1074 in
1334 1009 1477 1095 pluribus

367 1123 578 1188 monumentis
599 1123 737 1206 antiquis
759 1121 1006 1188 Atheniensibus
1027 1145 1140 1188 nomen
1164 1128 1320 1209 repertum
1345 1145 1420 1203 esse,
1440 1127 1478 1188 ut

365 1238 436 1302 sciri
460 1243 562 1322 posset
583 1234 659 1320 quid
682 1235 881 1321 Thucydides
905 1236 1075 1324 tragicique
1099 1235 1285 1322 scripserint.

409 1349 619 1431 Τυρόδιζα,
652 1348 862 1430 Τυρόδιζαι
889 1349 906 1412 I
931 1351 982 1416 37.
1007 1352 1081 1414 228.
1107 1351 1181 1414 234.
1207 1353 1281 1414 285.
1308 1353 1381 1414 540.
1404 1349 1477 1414 Plu·

364 1462 459 1528 ralem
490 1447 617 1528 iormam
650 1463 773 1546 ignorat
796 1462 972 1547 Stephanus
994 1485 1018 1526 s.
1043 1484 1071 1528 v.
1096 1461 1293 1544 neptalia
1317 1463 1373 1546 (sic
1394 1462 1475 1526 enim

364 1599 436 1642 eum
460 1576 615 1661 scripsisse
638 1597 701 1640 uon
724 1573 882 1656 Τυρρεδιζα
904 1572 982 1659 (cod.
1006 1573 1119 1658 Rcdh.)
1145 1597 1201 1640 nec
1224 1573 1369 1656 Τυρέδιζαι
1391 1575 1476 1658 (Ald.

365 1688 468 1774 Voss.)
501 1711 538 1754 cx
569 1689 743 1754 litterarum
773 1686 880 1753 ordine
902 1695 935 1752 et
957 1687 1160 1772 sequentibus
1182 1687 1337 1754 intellexit
1361 1687 1476 1754 Moiuc·

364 1803 459 1888 hius).
485 1801 658 1875 Ἑλλάνικος
680 1801 721 1876 δέ,
745 1800 860 1880 scribit,
886 1801 1103 1883 Τυρόριζαν
1126 1803 1219 1876 αὐτήν
1241 1808 1332 1884 φησιν
1354 1803 1383 1866 ἐν
1403 1811 1475 1884 Περ-

364 1921 449 1982 σικῶν
477 1917 509 1995 β.
534 1917 712 2002 Scripturas
736 1917 812 1980 vitio
835 1917 1071 2000 grammaticum
1094 1914 1258 2001 deceptum
1282 1939 1348 1982 esse
1371 1916 1476 2002 proba

314 2097 317 2102 .
365 2031 471 2097 biliter
492 2032 605 2095 statuit
625 2030 735 2096 editor.

408 2144 615 2223 Φηγῆτιοι,
648 2142 874 2222 insternor,
898 2142 1120 2221 (inpericior.
1145 2143 1227 2208 Mira
1249 2143 1388 2210 ciusdem
1410 2143 1476 2208 eth·

366 2259 430 2324 nici
461 2257 566 2322 cadem
597 2265 700 2322 aetate
729 2257 945 2343 discrepantia.
978 2256 1036 2323 Sed
1068 2258 1141 2341 quia
1171 2258 1310 2336 baylon
1340 2259 1476 2323 decies

364 2372 481 2456 legitur
516 2369 533 2433 Ι
568 2373 642 2436 229.
673 2371 749 2442 230.
784 2371 857 2436 234.
889 2371 962 2436 237.
996 2373 1068 2434 288.
1102 2371 1175 2434 239.
1201 2373 1274 2436 242.
1302 2373 1374 2434 243.
1401 2374 1484 2446 244„

364 2483 438 2562 267,
474 2483 624 2562 buettner
659 2483 783 2548 semel
818 2485 881 2547 285
914 2490 945 2548 et
976 2481 1129 2561 Φηγούσιοι
1158 2485 1232 2548 itern
1266 2485 1329 2548 286
1355 2482 1413 2567 (Oi.
1439 2483 1474 2548 II

362 2601 448 2682 479),
480 2599 607 2682 primam
638 2597 765 2662 formam
798 2596 930 2661 maxime
961 2597 1132 2680 legitimam
1160 2620 1224 2662 esse
1248 2599 1297 2662 vin
1322 2598 1473 2682 estquod

362 2711 551 2777 dubitemus.
581 2710 687 2796 ipsum
713 2710 806 2774 huius
830 2708 935 2794 oppidi
960 2708 1096 2774 Threicii
1118 2732 1228 2775 nomen
1252 2712 1345 2794 quale
1367 2711 1473 2790 luerit,

360 2825 531 2910 ignoratur.
562 2824 672 2888 Potuit
702 2846 766 2888 csse
790 2823 893 2901 ttnyslc
926 2824 1116 2910 (Φηγῆτος),
1140 2823 1248 2901 torric
1274 2823 1474 2911 (Φηγὲντος),

361 2943 479 3016 ‘inpete
502 2964 543 2998 Ξ
568 2935 690 3014 Φηγόεις
716 2936 933 3022 (Φηγοῦντος).

406 3049 616 3122 Φλειάσιος
640 3049 656 3114 Ι
680 3053 732 3113 45.
757 3047 791 3113 ΙΙ
819 3049 886 3112 clo
910 3049 1020 3134 (362ss
1046 3071 1073 3113 a.
1099 3047 1157 3132 O.).
1181 3048 1271 3114 Hauc
1293 3050 1391 3134 igitur
1414 3051 1473 3116 ior·

245 3185 247 3190 ·
362 3187 442 3228 mam
474 3163 702 3246 antiquioribus
733 3161 936 3247 scriptoribus
969 3162 1085 3226 Atticis
1115 3161 1233 3246 ubique
1264 3162 1391 3228 reddere
1421 3185 1473 3228 no

360 3283 460 3342 strum
495 3284 552 3340 est.
589 3275 765 3361 Stephanus
797 3273 888 3338 babet
918 3275 1047 3338 formam
1071 3275 1271 3340 recentiorem
1299 3278 1364 3361 (per
1386 3277 1474 3360 icta),

360 3411 440 3473 quae
471 3389 561 3454 hodie
583 3389 698 3471 legitur
721 3389 803 3474 apud
827 3409 943 3452 omnes.
969 3387 1067 3450 Numi
1089 3388 1279 3473 imperatorii
1302 3389 1346 3473 (in
1370 3389 1474 3454 Severi

360 3503 486 3588 familia)
522 3525 581 3567 sec.
616 3501 734 3566 Echbel
770 3499 808 3564 D.
840 3500 881 3565 N.
913 3498 951 3566 V.
984 3498 1001 3562 1
1033 3503 1051 3562 2
1083 3522 1113 3585 p.
1147 3503 1209 3564 259
1238 3500 1365 3579 habent,
1389 3503 1472 3586 quod

360 3618 515 3702 expectari
540 3622 674 3702 poterat,
699 3621 919 3680 ΦΛΙΛΣΙΩΝ.

405 3737 538 3801 texeris
561 3729 577 3792 I
601 3729 640 3792 a?
667 3734 699 3792 et
720 3728 752 3792 iu
777 3727 838 3811 log.
859 3727 922 3792 tab.
945 3730 1128 3792 228-240.
1148 3726 1326 3814 Stephanus
1347 3729 1474 3815 iusuper

360 3865 431 3908 cum
456 3840 656 3927 scriptoribus
680 3841 772 3906 habet
796 3838 979 3913 Φωκαεύς
1004 3841 1054 3922 (cl.
1075 3841 1209 3921 Πειραεύς
1230 3863 1284 3926 pro
1305 3842 1470 3930 Πειραιεύς)

405 3954 657 4035 Χαλκῆτορες
680 3955 743 4039 log.
767 3953 830 4019 tab.
854 3951 870 4016 Ι
895 3955 1079 4018 titt-«239.
1104 3952 1296 4039 Stephanus:
1321 3965 1472 4030 Χαλκη-

359 4067 499 4149 τόριον,
523 4070 606 4141 πόλις
633 4067 754 4148 Κρήτης.
779 4067 792 4132 ὃ
817 4066 937 4140 πολίτης
961 4067 1233 4148 Χαλκητορεύς
1255 4068 1472 4150 Ἀπολλόδωρος

359 4181 385 4248 δ’
421 4185 557 4262 χρονικῶν
591 4183 686 4260 ,,μεθ’
717 4175 748 4246 οὗ
778 4182 948 4262 Χαρίδημος
978 4175 1011 4256 ἦν
1038 4181 1143 4263 Φυγᾶς
1166 4183 1472 4264 Χαλκητορεύς.”

359 4297 409 4360 Sic
437 4296 535 4380 igitur
557 4294 718 4360 dicebatur
740 4301 841 4360 aetate
865 4294 1084 4360 Alexandrina.
1108 4281 1258 4379 Sequitur
1283 4295 1420 4376 Κρατερὸς
1443 4295 1470 4360 δ’

359 4411 388 4476 ἕν
412 4411 451 4490 τῷ
473 4407 537 4490 περὶ
560 4407 765 4490 ψηφισμάτων
789 4409 975 4482 Χαλκιὶτο
982 4431 1048 4490 ραις
1070 4407 1175 4481 αὐτούς
1197 4413 1297 4489 Φησιν.
