3476 5142
851 597 870 658 8

302 781 473 866 peratoriae
496 781 607 846 aetatis
627 781 747 846 titulos.
769 779 867 846 Cuius
880 781 980 866 operis
994 780 1085 845 hodie
1098 803 1168 866 pars
1179 780 1271 866 longe
1285 783 1416 845 inaximo

300 900 333 958 et
365 894 529 980 praecipua
563 893 664 958 tribus
698 892 909 957 voluminibus
943 898 975 958 et
1008 894 1112 978 quarti
1145 900 1235 979 parto
1270 893 1417 959 contenta

300 1005 494 1071 eruditorum
522 1004 664 1070 manibus
688 1006 811 1070 teritur.

345 1117 412 1183 Iam
447 1119 552 1184 decem
585 1118 648 1183 lere
680 1126 756 1183 suut
778 1118 852 1182 anni
875 1140 912 1182 ex
936 1139 997 1202 qno
1022 1136 1176 1184 arconans
1200 1137 1415 1184 imonnmurus

300 1253 357 1318 ope
380 1231 573 1298 collectionis
596 1230 812 1296 Boeclrhianee
835 1209 867 1296 et
890 1231 1021 1296 aliarum
1045 1230 1186 1295 condidit
1202 1231 1412 1296 utilissimum

300 1344 454 1424 libellum,
505 1343 633 1410 Cures
680 1344 971 1432 epigraphicas
1015 1344 1059 1410 ad
1107 1345 1414 1430 grammaticam

300 1457 491 1523 Graecam
528 1465 567 1523 et
597 1467 741 1544 poetas
765 1459 953 1523 scenicos
977 1457 1261 1543 pertinentes,
1286 1481 1322 1522 ea
1344 1453 1416 1522 dili-

299 1573 407 1656 gentia
428 1581 464 1636 ot
479 1572 643 1658 plerasque
653 1594 730 1658 quas
743 1572 797 1636 ille
810 1572 916 1656 attigit
927 1573 1128 1657 quaestiones
1140 1571 1231 1636 hodie
1244 1579 1415 1637 retractare

299 1684 380 1750 nihil
403 1669 480 1770 opus
504 1686 554 1750 sit.
579 1685 638 1750 Sed
662 1684 822 1771 complure
841 1685 886 1749 vir
908 1685 1107 1750 eximiosaut
1120 1683 1211 1750 verbo
1224 1685 1416 1750 automnino

298 1818 360 1862 non
383 1798 500 1882 tetigit,
523 1819 602 1882 quae
626 1820 722 1883 quum
745 1804 777 1861 et
800 1797 984 1883 scripturum
1003 1797 1180 1862 Atticorum
1201 1797 1372 1862 editoribus
1384 1804 1417 1861 et

298 1913 506 1998 grammaticis
518 1913 595 1978 scire
606 1913 647 1977 sit
659 1913 871 1992 utilissimum,
880 1914 945 1999 ipse
959 1912 1008 1978 his
1020 1913 1107 1978 nouis
1118 1912 1278 1998 praesidiis
1287 1914 1417 1978 instruc·

299 2032 351 2090 tus
380 2023 490 2090 honam
521 2033 639 2112 partem
672 2048 777 2092 eorum
807 2049 888 2111 quae
911 2026 964 2090 ille
987 2025 1093 2090 omisit
1116 2027 1287 2091 strictimve
1310 2026 1417 2112 attigit

298 2161 390 2224 quem
422 2139 657 2226 diligentissime
687 2149 819 2206 tractare
843 2163 1004 2227 aggressus
1027 2163 1094 2206 sum
1118 2142 1150 2206 in
1174 2141 1232 2206 hoc
1254 2141 1414 2226 opusculo,

298 2254 382 2338 quod
406 2255 500 2318 simul
523 2255 612 2340 quasi
631 2256 882 2341 supplementum
902 2254 973 2320 libri
996 2253 1223 2320 Weckleiuiani
1243 2277 1307 2320 esse
1320 2255 1414 2321 volui.

342 2361 450 2433 (luinsv
473 2367 681 2454 supplementi
716 2391 779 2453 quo
813 2363 931 2434 facilior
965 2369 1046 2434 foret
1076 2389 1164 2446 usus,
1195 2390 1262 2434 eam
1295 2375 1414 2454 partem

299 2502 378 2565 quae
407 2483 587 2567 praesertim
607 2483 780 2548 'nominum
811 2483 1004 2568 propriorum
1029 2491 1262 2566 ceterorumque
1285 2480 1416 2547 vocabu·

298 2594 400 2660 lorum
421 2595 670 2682 orthographiam
684 2605 717 2662 ct
730 2597 946 2683 etymologiam
959 2602 1113 2682 spectaret
1124 2596 1415 2681 lexicographorum

299 2730 382 2774 more
416 2709 556 2796 disposui
590 2710 672 2775 κατὰ
704 2717 839 2790 ςωχεῖον,
871 2711 1022 2775 seiunctis
1052 2710 1090 2774 iis
1120 2709 1307 2796 syntecticis,
1333 2729 1413 2794 quae

297 2821 387 2887 facile
410 2822 573 2909 separatim
596 2845 659 2888 uno
679 2823 779 2909 capite
800 2824 928 2888 tractari
947 2829 1082 2909 possent.
1104 2821 1317 2888 Miscellaneas
1331 2823 1413 2887 enim

298 2934 444 3019 quasdam
474 2932 702 3000 ohservationes
724 2936 922 3021 syntecticus,
947 2957 1080 3020 quarum
1105 2935 1262 3000 materiem
1286 2935 1415 3000 minime

298 3047 435 3130 exhausi,
459 3049 650 3114 commodius
674 3048 895 3114 vocabulorum
919 3049 1015 3114 iudici
1038 3049 1131 3114 inseri
1147 3071 1236 3136 posse
1255 3048 1416 3135 opinabar.

342 3159 448 3226 Huius
481 3161 579 3247 igitur
608 3161 708 3227 libelli
738 3171 959 3248 argumentum
990 3185 1044 3248 per
1074 3169 1210 3248 quatuor
1242 3163 1346 3248 capita
1370 3163 1416 3227 sic

298 3273 446 3362 descripsi
468 3281 505 3340 ut
527 3297 668 3361 agerem:

344 3385 460 3454 Ouarna
483 3388 509 3454 I.
530 3389 576 3454 de
606 3390 854 3456 confusione
887 3390 1092 3456 vocalium
1121 3397 1160 3454 et
1191 3389 1414 3476 diphthon-

299 3523 447 3588 gorum.
798 3491 800 3496 ’

344 3613 461 3681 Comus
485 3615 529 3681 ΙΙ.
554 3617 599 3682 de
624 3617 863 3682 nominibus
886 3617 1086 3703 propriis,
1110 3616 1291 3700 etquidem

387 3729 527 3814 §hdo
567 3731 774 3796 nominum
812 3731 1071 3817 propriorum
1109 3729 1150 3794 in
1184 3729 1280 3809 γένης,
1316 3727 1414 3804 cunc,

482 3844 600 3926 aprinae,
624 3844 723 3924 μένης,
748 3845 855 3924 uilla,
880 3843 988 3918 σθένης,
1008 3843 1097 3918 clane
1122 3851 1153 3909 et
1175 3843 1274 3927 Φάνης
1296 3865 1370 3929 gen
1384 3865 1413 3908 e-

483 3959 583 4025 tivis
606 3958 922 4040 heterocliticis
944 3960 985 4023 iu
1009 3968 1079 4024 OT.

389 4071 460 4158 bt.
484 4071 530 4136 de
560 4071 825 4157 aspiratione
855 4073 896 4136 in
926 4073 1089 4137 nomine
1123 4071 1303 4151 Καλχηδών.

387 4186 457 4270 dt.
481 4183 526 4249 de
557 4183 732 4250 aliorum
764 4185 968 4250 nominum
1002 4185 1157 4251 formis.

387 4300 457 4383 bt.
482 4297 527 4362 de
561 4296 771 4364 adverbiis
805 4298 1044 4378 dometicis,
1085 4319 1259 4382 quorum
1293 4297 1414 4384 scrip-

482 4419 577 4478 tura
607 4413 751 4477 titulis
786 4413 942 4477 Atticis
973 4412 1215 4479 stabilitur.
